1786 3198
435 230 615 259 ALFONSI
643 231 839 259 vALDEsn
870 231 1070 260 LITTRRAE
1099 231 1154 260 XL
1182 231 1371 260 INBDITAE
1499 233 1578 274 397

174 308 276 352 tum
299 321 398 351 esse
428 307 588 351 sciam.
630 309 878 352 Maximum
917 309 1028 352 mihi
1050 307 1160 353 'heri
1196 316 1410 354 terrorem
1448 311 1634 356 incussit

173 385 280 423 tuus
301 379 450 423 Guido
473 393 578 423 cum
607 380 771 424 diceret
803 396 899 424 cras
930 388 975 424 te
1007 382 1127 425 abire
1154 383 1416 427 decrevisse.
1441 385 1574 442 Quod
1595 386 1633 429 si

150 442 378 495 'futurum
401 457 491 494 est*
511 452 582 495 fac
617 466 692 495 me
724 453 975 506 certiorem,
999 469 1104 497 nam
1128 455 1293 498 relictis
1314 457 1524 501 omnibus
1554 473 1632 501 ve-

181 523 306 568 niam
325 524 381 567 ad
400 530 459 567 te.
479 525 691 568 Ceterum
712 525 868 580 scripsi
886 526 942 568 ad
958 532 1002 569 te
1019 526 1148 569 hodie
1166 528 1328 571 abiisse
1344 530 1634 583 Alemanum;

180 609 337 639 verum
355 601 437 648 est,
456 596 591 639 hodie
608 596 727 639 enim
752 597 864 640 bene
886 612 1019 641 mane
1041 599 1241 643 discessit
1262 607 1340 643 aut
1361 603 1510 656 potius
1531 603 1638 646 hinc

179 668 401 714 abductus
435 675 519 721 est,
552 669 739 712 daturus
761 670 960 713 fortassis
999 685 1093 714 suae
1128 672 1426 727 improbitatis
1457 689 1632 730 poenas,

182 740 355 799 Quodsi
375 741 457 783 tibi
474 742 653 784 vacabit
675 742 902 785 hominem
924 744 1072 798 aliquo
1091 744 1414 799 epigrammate
1431 747 1632 804 dignare,

179 827 277 858 rem
299 812 438 856 facies
458 814 617 857 amicis
639 820 834 870 gratam,
859 816 1164 871 gratissimam
1188 823 1340 860 autem

240 885 344 929 Tuo
367 886 592 930 Valdesio.
618 887 748 930 Vale.

244 958 381 1002 Toleto·
399 958 615 1002 Decembr.
632 962 766 1003 1528.
789 961 1017 1003 Dantiscus
1040 961 1134 1004 inde
1151 962 1359 1018 profectus
1375 970 1431 1008 est
1455 979 1509 1022 17
1525 967 1631 1011 Dec.

181 1032 300 1075 Acta
321 1031 514 1084 Tomic.,
540 1032 626 1083 IX,
642 1036 687 1089 p.
712 1045 815 1088 410.

245 1212 296 1256 S.
362 1213 489 1257 Meas
513 1213 622 1256 mihi
646 1214 894 1257 sarcinulas
911 1214 1132 1256 evolventi
1151 1215 1261 1258 forte
1278 1215 1456 1261 fortuna
1472 1218 1528 1261 ad
1545 1233 1636 1262 ma·

182 1298 271 1329 nus
290 1285 414 1328 venit
445 1285 519 1328 hic
548 1286 738 1335 libellus,
763 1286 808 1328 in
842 1300 929 1341 quo
962 1288 1204 1339 nonnullae,
1230 1295 1278 1330 ut
1309 1290 1457 1341 audio,
1483 1291 1636 1335 insunt

181 1357 464 1414 precationes
486 1358 742 1401 carminave
764 1358 925 1414 quibus
950 1358 1092 1401 Mauri
1121 1373 1215 1402 sese
1248 1360 1293 1403 in
1326 1362 1484 1417 proelio
1516 1369 1640 1407 tutos

184 1429 278 1472 fore
310 1429 587 1481 existimant;
626 1436 787 1473 nactus
826 1445 925 1472 sum
964 1437 1194 1486 propterea
1226 1447 1316 1476 una
1349 1448 1451 1477 cum
1491 1436 1641 1479 libello

186 1515 323 1557 quam
346 1502 470 1544 vides
491 1516 674 1545 auream
708 1502 923 1545 laminam
959 1503 1159 1545 Arabicis
1190 1503 1518 1549 characteribus
1550 1508 1637 1550 im-

185 1588 385 1631 pressam
409 1589 545 1630 quam
571 1575 710 1618 etiam
742 1575 970 1630 religionis
1002 1576 1153 1618 nescio
1175 1576 1279 1630 quid
1308 1577 1453 1620 Mauri
1475 1578 1641 1623 habere

187 1646 271 1690 sibi
292 1646 404 1702 ipsis
426 1647 713 1703 persuadent.
741 1647 854 1690 Visa
880 1654 946 1690 est
980 1647 1089 1690 mihi
1119 1662 1187 1690 res
1218 1648 1337 1692 haud
1365 1663 1545 1705 prorsus
1566 1651 1638 1694 in-

187 1718 325 1777 digna
347 1733 466 1775 quae,
492 1734 583 1763 non
607 1720 664 1762 ob
685 1720 966 1775 religionem,
986 1721 1061 1763 sed
1084 1721 1140 1762 ob
1163 1720 1224 1762 rei
1248 1721 1495 1765 novitatem
1519 1723 1575 1766 ad
1598 1728 1644 1767 te

187 1790 285 1836 iret.
310 1791 382 1835 Tu
404 1798 644 1847 utrumque
666 1798 795 1847 grato
819 1793 972 1836 animo
996 1792 1164 1847 accipe.
1190 1793 1250 1835 Et
1272 1794 1385 1837 vale.

247 1863 382 1908 Tuus
403 1863 660 1908 Valdesius.

250 2043 302 2087 S.
369 2043 488 2088 Tam
513 2045 755 2099 magnifica
782 2045 971 2088 subinde
1003 2058 1187 2087 munera
1220 2044 1360 2087 mittis
1390 2050 1440 2087 ut
1470 2047 1645 2090 nullum

192 2116 416 2160 mehercle
444 2115 688 2172 principem
713 2116 1001 2171 quantumvis
1034 2130 1247 2170 magnum
1281 2117 1419 2159 sciam
1453 2131 1644 2172 quocum

190 2189 246 2233 de
265 2188 536 2233 liberalitate
557 2194 725 2231 certare
754 2202 844 2231 non
879 2188 1038 2243 possis.
1064 2187 1224 2229 Misisti
1247 2187 1543 2242 epigramma,
1568 2191 1646 2232 sed

191 2261 258 2306 im
279 2261 371 2305 acsi
393 2261 505 2304 nihil
529 2261 743 2313 mitteres,
763 2266 808 2302 et
824 2266 977 2303 tamen
999 2260 1107 2302 nihil
1131 2266 1196 2301 est
1218 2259 1334 2314 quod
1358 2259 1504 2315 majus
1527 2260 1646 2304 mitti

193 2335 353 2390 possit,
380 2333 523 2379 mittis
546 2333 796 2388 ingenium,
819 2331 1055 2388 judicium,
1078 2331 1290 2386 argutiaS‚
1317 2332 1448 2383 sales,
1474 2333 1651 2388 lepores

193 2413 240 2450 et
255 2406 360 2462 quid
378 2406 492 2449 non?
510 2406 599 2449 Sed
619 2420 678 2448 ne
697 2419 781 2461 ego
804 2405 982 2460 ineptus
1000 2418 1098 2446 sum
1118 2404 1190 2458 qui
1213 2409 1290 2446 tua
1311 2404 1504 2457 laudem,
1521 2405 1648 2459 quasi

193 2493 295 2522 meo
317 2479 490 2522 calculo
512 2477 755 2534 quicquam
793 2477 881 2519 illis
914 2476 1121 2519 accedere
1154 2474 1310 2530 possit.
1347 2475 1476 2519 Vale.
1515 2476 1647 2519 Veni-

193 2565 289 2595 rem
311 2551 368 2594 ad
390 2556 434 2594 te
455 2551 494 2593 si
516 2564 595 2606 per
617 2549 750 2605 hujus
772 2549 893 2592 senis
922 2548 1226 2603 importunam
1259 2546 1647 2602 importunitatem

192 2624 361 2680 liceret,
385 2623 463 2667 sed
484 2637 575 2666 non
609 2624 770 2674 audeo,
796 2621 924 2664 crede
959 2620 1088 2672 mihi,
1115 2620 1248 2662 domo
1281 2620 1439 2675 pedem
1472 2619 1646 2662 efferre.

195 2698 368 2740 Iterum
390 2697 508 2748 vale,
532 2702 578 2738 et
597 2695 666 2739 fac
689 2695 829 2737 sciam
853 2693 958 2748 quid
983 2694 1094 2735 Cato
1127 2692 1202 2734 ille
1236 2691 1467 2735 Pratensis
1494 2692 1548 2735 de
1569 2697 1651 2734 tuo

194 2769 524 2826 epigrammate
541 2766 775 2823 judicavit.
802 2764 930 2807 Tuus
955 2764 1209 2808 ValdesiUS.

257 2843 392 2885 1528.

229 2934 244 2943 ⁸
259 2913 468 2971 Sigillum
488 2926 648 2955 cereum
671 2911 861 2953 rubrum.
