1786 3198
258 160 334 211 558
742 167 783 195 E.
815 166 871 192 DE
900 162 1106 199 H1N0JosA

264 253 349 293 Por
371 255 481 298 esto,
509 247 550 289 al
574 248 723 288 volver
744 247 770 288 3
793 246 836 287 13
857 244 1008 300 gracia
1031 243 1100 285 del
1127 243 1241 298 Rey,
1268 257 1317 286 se
1341 242 1436 286 dice
1466 256 1552 298 que
1574 257 1653 286 re-

201 324 334 367 cobra
356 336 406 363 su
429 334 566 363 amor:

252 439 370 477 1.923.
408 460 409 463 ,
471 426 571 463 Dixo
594 426 778 472 Mynaya:
803 423 955 459 ‹dalma
975 435 995 459 e
1014 423 1062 458 de
1078 434 1249 474 σοι-3900

470 487 521 522 Ε3
541 485 708 532 pagado,
728 497 747 520 e
767 483 894 519 dauos
914 494 959 518 su
979 493 1132 518 amor.»

246 558 369 594 2.o34.
472 545 603 593 «Aqui
623 555 693 580 uos
713 542 892 590 perdono
907 552 927 576 e
947 540 1078 577 douos
1097 539 1151 576 mi
1170 552 1319 578 amor.»

258 662 325 702 La
347 657 584 700 diserencia
607 662 731 697 entre
755 655 793 696 el
816 653 968 701 salida
996 652 1021 694 ὁ
1045 666 1119 694 sea
1141 652 1181 694 el
1206 666 1291 707 que
1316 667 1363 695 se
1386 653 1649 708 expatriaba

196 729 597 775 voluntariamente
622 743 730 783 para
753 728 789 769 ir
821 728 847 768 3
880 726 1017 767 tierra
1040 724 1094 767 de
1129 738 1279 766 moros
1303 725 1518 780 (salitus),
1543 739 1648 768 caso

194 803 419 845 frecuente
451 815 504 842 en
529 802 595 842 los
618 796 756 854 siglos
778 811 823 840 XI
847 812 874 852 y
897 809 980 847 ΧΠ,
1006 811 1032 851 y
1056 797 1095 838 el
1121 811 1204 851 que
1227 811 1303 839 era
1335 798 1593 840 desterrado
1621 798 1649 840 ὁ

195 874 343 918 echado
374 874 550 926 (exitus)
576 871 628 921 (1)
652 873 719 914 del
745 871 886 921 reino,
913 885 961 912 se
993 884 1146 911 marca
1168 870 1368 912 tambien
1393 884 1446 912 en
1471 871 1511 913 el
1533 871 1646 914 Poe-

195 962 282 990 ma.
310 947 365 988 El
389 946 527 987 conde
551 945 604 986 de
627 945 892 993 Barcelona,
919 943 1167 996 ignorando
1191 943 1234 984 la
1256 957 1393 998 causa
1423 944 1475 986 de
1498 944 1544 987 la
1569 957 1647 987 ex-

195 1018 436 1075 patriacion
461 1018 528 1059 del
554 1016 651 1066 eid,
679 1017 718 1057 le
741 1015 910 1057 insulta
931 1014 1204 1056 llamdndole
1225 1014 1382 1058 salido:

242 1139 325 1186 980.
451 1137 508 1172 Lo
527 1136 574 1172 de
593 1144 704 1170 antes
722 1146 742 1170 e
762 1134 810 1170 de
828 1145 943 1181 agor-³
965 1133 1104 1170 todorn
1125 1133 1164 1169 lo
1187 1132 1371 1181 pecha'ra3

449 1196 570 1231 Sabra
591 1195 625 1230 el
644 1194 771 1230 salido
789 1205 810 1229 3
830 1193 951 1241 quien
973 1193 1068 1229 vino
1088 1193 1322 1232 desondrar.

253 1319 309 1360 El
329 1318 425 1372 Rey
448 1331 493 1358 se
517 1322 720 1371 presenta
742 1315 993 1371 ejerciendo
1012 1317 1377 1370 personalmente
1400 1331 1488 1360 una
1511 1317 1564 1360 de
1580 1318 1648 1362 las

193 1391 418 1434 funciones
443 1392 538 1432 masis
561 1389 806 1431 esenciales
837 1404 865 1443 y
894 1388 1255 1430 earaeteristicas
1277 1389 1331 1431 de
1366 1390 1410 1432 13
1433 1389 1648 1445 dignidad

195 1464 300 1515 real,
319 1463 384 1505 asi
407 1477 461 1505 en
485 1463 524 1504 el
550 1462 729 1517 periodo
751 1461 1001 1515 visigotico,
1023 1475 1155 1502 como
1173 1475 1229 1502 en
1249 1463 1372 1504 Leon
1389 1476 1420 1517 y
1439 1461 1644 1506 Castilla:

194 1538 237 1579 la
260 1537 310 1578 de
327 1535 447 1591 juez,
481 1538 668 1589 Aunque
702 1549 753 1576 su
779 1533 1088 1588 competencia
1111 1548 1164 1574 en
1190 1538 1285 1575 este
1308 1535 1445 1577 orden
1469 1548 1544 1577 era
1576 1535 1645 1578 ili·

194 1609 374 1660 mitada,
412 1623 521 1664 pues
557 1609 690 1663 podia
718 1621 881 1649 avocat
903 1609 930 1650 3
959 1607 998 1648 si
1021 1606 1061 1648 el
1096 1605 1431 1649 conocimiento
1463 1608 1517 1650 de
1540 1608 1647 1651 todo

191 1681 323 1736 linaje
345 1683 398 1725 de
420 1687 622 1732 asuntos,
644 1681 781 1723 habia
803 1682 994 1735 algunos
1017 1693 1120 1734 que,
1140 1693 1198 1734 ya
1221 1693 1302 1733 por
1324 1694 1375 1722 su
1398 1679 1644 1735 importan-

192 1754 275 1810 cia‚
299 1769 354 1809 ya
377 1769 455 1809 por
477 1756 544 1796 133
568 1768 783 1809 personas
806 1753 1099 1803 interesadas,
1127 1751 1313 1794 estaban
1338 1752 1598 1796 reservados
1619 1753 1648 1796 ἐ.

194 1827 280 1868 ella
302 1828 699 1870 exclusivamente.
725 1825 811 1868 Tal
835 1826 1017 1868 sucedia
1041 1839 1125 1867 con
1152 1825 1218 1866 133
1251 1824 1515 1868 contiendas
1537 1824 1645 1868 civi-

195 1900 258 1940 les
287 1906 407 1941 entre
437 1901 503 1941 los
526 1900 680 1942 nobles
701 1913 730 1954 y
753 1899 819 1941 las
843 1912 1004 1940 causas
1027 1898 1080 1940 de
1103 1897 1262 1952 riepto.

252 1971 299 2014 Si
329 1972 429 2014 bien
453 1973 666 2026 delegaba
682 1971 1059 2014 frecuentemente
1081 1971 1122 2012 la
1147 1970 1309 2012 misi6n
1334 1971 1388 2012 de
1407 1970 1568 2026 juzgar
1588 1985 1645 2015 en

194 2045 259 2086 los
283 2044 433 2099 jueces
456 2045 702 2086 ordinarios
725 2045 779 2086 de
797 2047 854 2086 'su
887 2043 1024 2086 Curia
1055 2043 1081 2084 ὁ
1108 2042 1228 2095 Cort,
1264 2044 1290 2085 ὁ
1314 2058 1369 2086 en
1403 2050 1526 2086 otros
1558 2058 1646 2100 que

243 2200 293 2246 (1)
346 2200 393 2236 A.
419 2210 521 2247 1097:
546 2201 716 2236 «Textor
734 2198 923 2235 Ecclesiae
943 2199 984 2235 S.
1005 2197 1075 2234 Dei
1090 2196 1303 2234 Genitricis
1318 2205 1356 2233 et
1371 2197 1544 2244 Virginis
1563 2198 1647 2235 Ma-

193 2258 259 2294 riae
277 2259 325 2294 ab
345 2259 495 2306 integro
514 2259 577 2295 illa
597 2259 764 2303 ratione,
782 2269 872 2306 quae
891 2257 967 2294 fuit
985 2258 1032 2293 de
1054 2258 1169 2293 Petro
1188 2258 1401 2294 Bermudiz
1418 2266 1457 2294 et
1476 2259 1524 2294 de
1548 2259 1643 2295 Ber-

193 2319 313 2354 mudo
336 2319 472 2365 Pelaiz,
494 2319 560 2367 qui
582 2319 761 2355 fecerunt
779 2318 883 2366 (sic)
901 2317 1085 2355 salitos.»
1108 2317 1307 2365 (Diploma
1327 2317 1374 2354 de
1394 2317 1562 2355 Alfonso
1589 2319 1645 2355 VI

195 2389 242 2414 en
264 2380 362 2427 Esp.
384 2380 530 2429 Sagr.,
549 2380 733 2423 XXXVI,
752 2379 837 2426 pz'lg.
859 2380 906 2416 88
926 2377 972 2414 de
994 2377 1053 2413 103
1072 2377 1329 2426 Αρέηάἰοε3.)
1345 2377 1399 2414 La
1418 2377 1644 2415 frecuencia

198 2439 245 2475 de
263 2448 362 2475 estas
379 2441 690 2488 expatriaciones
708 2439 843 2476 movio
862 2439 922 2475 sin
942 2438 1049 2475 duda
1068 2439 1089 2474 3
1110 2438 1145 2474 13
1165 2437 1244 2486 hija
1266 2450 1290 2487 y
1306 2449 1490 2474 sucesora
1507 2439 1555 2474 de
1574 2438 1645 2476 Al-

194 2501 305 2537 fonso
325 2501 375 2535 Vl
395 2502 414 2536 3
436 2500 585 2536 excluir
611 2500 659 2536 de
679 2500 713 2536 13
733 2499 1000 2536 confiscacion
1020 2498 1068 2534 de
1088 2497 1234 2544 bienes,
1258 2510 1306 2534 en
1326 2510 1404 2546 que
1425 2498 1642 2545 incurrian,

195 2562 249 2596 asi
267 2561 300 2596 el
320 2561 556 2603 desterrado,
579 2573 697 2598 como
714 2561 749 2597 el
768 2560 998 2608 expatriado
1019 2559 1394 2605 voluntariamente,
1414 2559 1472 2595 las
1494 2570 1600 2595 arras
1618 2572 1643 2607 y

197 2622 254 2656 103
274 2621 404 2656 bienes
429 2622 590 2668 propios
615 2635 639 2670 y
666 2621 919 2668 gananciales
946 2620 993 2656 de
1021 2620 1058 2656 13
1079 2618 1222 2667 mujer:
1258 2619 1307 2656 A.
1335 2631 1438 2667 1109:
1461 2631 1480 2656 α
1487 2645 1559 2656 .....
1591 2620 1646 2656 Et

193 2680 401 2716 cavalleiro
420 2682 450 2717 si
469 2682 516 2717 de
543 2691 642 2718 terra
669 2681 821 2727 exierit,
841 2690 880 2717 et
898 2680 947 2717 ad
969 2680 1128 2716 Mauros
1147 2679 1281 2725 fuerit,
1302 2679 1416 2716 exito
1434 2679 1515 2716 sive
1533 2678 1641 2716 sali-

193 2747 245 2785 10,
267 2750 310 2776 ui
329 2752 396 2776 sua
417 2742 556 2778 mulier
576 2754 657 2778 non
673 2742 811 2789 perdat
829 2754 899 2778 sua
911 2739 1140 2786 hereditate,
1158 2750 1241 2775 non
1258 2750 1349 2774 suas
1364 2738 1514 2775 medias
1528 2749 1640 2775 com-

193 2801 428 2848 parationes,
444 2814 573 2850 neque
593 2814 665 2838 suo
684 2802 843 2845 habere,
865 2812 996 2849 neque
1016 2811 1106 2836 suas
1120 2810 1283 2836 arras.»
1299 2798 1478 2847 (Mufioz,
1496 2797 1642 2836 Colec·

191 2858 294 2903 cio'n,
314 2860 401 2907 pag.
421 2860 497 2908 96.)
