1786 3198
300 515 650 560 Honorabilibus
673 514 838 556 nostris
861 520 906 557 et
929 514 1115 569 Imperii
1141 515 1255 558 sacri
1279 516 1486 558 fidelibus
1502 516 1695 569 dilectis,

238 589 461 632 nobilibus
496 587 700 643 Syndicis
723 593 767 630 et
791 587 1071 630 Consiliariis
1103 587 1301 631 civitatis
1336 594 1502 631 nostrae
1535 589 1694 644 Impe-

239 662 360 704 rialis
384 661 704 717 Gebennarum

301 735 489 776 Carolus
513 733 682 775 Divina
704 732 881 775 favente
900 732 1152 776 Clementia
1169 734 1358 777 Electus
1378 735 1692 777 Romanorum

238 809 488 862 Imperator
512 819 689 860 semper
713 808 969 860 Augustus.

298 878 596 922 Honorabiles
618 877 773 920 fideles
795 883 838 920 et
860 877 1030 928 dilecti,

298 951 473 994 Placuit
499 951 597 992 Deo
620 950 792 1004 optimo
816 949 1015 992 maximo
1039 949 1112 1005 qui
1143 964 1225 993 sua
1256 950 1457 1006 gratuita
1485 949 1694 1006 benigni-

234 1031 327 1068 tate
363 1037 527 1078 magna
558 1023 687 1065 nobis
720 1036 908 1065 munera
941 1037 1269 1078 nonnunquam
1305 1022 1536 1078 elargitur,
1572 1022 1695 1067 hunc

236 1098 364 1141 nobis
387 1097 504 1139 diem
540 1095 707 1150 duplici
739 1095 923 1138 nomine
957 1095 1145 1139 hilarem
1180 1096 1446 1151 felicemque
1479 1101 1694 1152 praestare

233 1175 408 1214 servata
425 1169 481 1211 ab
504 1168 724 1223 angustiis
747 1174 901 1223 partus
925 1169 1210 1212 serenissima
1234 1170 1524 1225 Imperatrice
1539 1168 1693 1224 conju-

233 1257 287 1299 ge
309 1247 460 1285 nostra
484 1254 690 1296 novoque
713 1240 843 1283 nobis
866 1241 1066 1295 praestito
1085 1255 1357 1286 successore.
1378 1242 1527 1285 Hodie
1549 1241 1691 1294 enim,

235 1315 352 1371 quod
374 1314 573 1357 faustum
598 1312 791 1368 felixque
821 1313 896 1369 sit,
928 1314 1074 1357 filium
1103 1315 1232 1357 nobis
1265 1314 1311 1358 in
1344 1315 1491 1358 lucem
1521 1314 1690 1371 emisit.

234 1388 363 1445 Quod
401 1401 504 1429 cum
538 1387 824 1441 exploratum
857 1386 1108 1430 habeamus
1137 1401 1274 1442 quam
1309 1386 1691 1442 jucundissimum

231 1461 358 1504 vobis
392 1460 593 1503 futurum
627 1459 701 1509 sit,
738 1473 818 1502 vos
855 1460 1042 1503 minime
1071 1462 1210 1504 latere
1233 1461 1476 1513 voluimus,
1501 1474 1588 1516 quo
1611 1474 1692 1503 no-

234 1534 407 1577 biscum
430 1533 516 1575 hoc
538 1532 848 1587 gratissimum
873 1534 958 1575 Dei
982 1534 1151 1576 donum
1174 1532 1466 1589 gratulemini
1498 1538 1549 1576 ut
1570 1532 1692 1576 hunc

232 1612 410 1663 partum
446 1620 582 1661 quam
621 1605 932 1648 felicissimum
973 1620 1070 1649 esse
1100 1607 1208 1650 velit
1244 1606 1522 1662 Reipublicae
1552 1604 1689 1650 Chri-

232 1679 403 1722 stianae.

294 1754 466 1796 Datum
491 1750 537 1794 in
571 1751 734 1806 oppido
767 1756 921 1793 nostro
956 1752 1210 1796 Vallisoleti
1233 1753 1303 1796 die
1333 1749 1412 1796 20ι
1434 1750 1486 1798 (¹)
1520 1751 1690 1795 mensis

236 1825 344 1880 Maji
369 1827 426 1867 A.
452 1825 511 1867 D.
541 1823 674 1880 1527.
703 1824 909 1868 Carolus,

295 1897 509 1940 Mandato
535 1896 752 1939 Caesareae
775 1901 819 1938 et
847 1896 1092 1940 Catholicae
1122 1897 1368 1954 Majestatis

1081 1970 1218 2025 Alph.
1253 1971 1507 2014 ValdesiuS.

297 2114 347 2162 (2)
379 2115 648 2158 Beatissime
681 2120 823 2170 pater,
857 2115 1054 2158 Domine
1090 2115 1496 2172 Reverendissime‚
1528 2114 1707 2181 scribi-⁶

239 2203 337 2230 mus
360 2189 415 2230 ad
444 2194 664 2231 oratorem
694 2187 796 2230 istic
826 2193 1029 2230 nostrum
1055 2193 1104 2230 ut
1132 2202 1211 2242 pro
1237 2187 1340 2231 R.d0
1355 2189 1530 2245 Joanne
1553 2189 1686 2232 Dan—

236 2261 365 2311 tisco,
401 2260 609 2315 episcopo
640 2259 886 2311 Culmensi,
914 2259 1047 2303 ser.mi
1077 2261 1216 2314 Regis
1239 2261 1436 2303 Poloniae
1460 2261 1579 2316 apud
1606 2274 1691 2304 nos

236 2339 426 2384 oratore,
452 2333 547 2375 viro
572 2332 701 2375 nobis
722 2332 995 2387 gratissimo,
1015 2333 1314 2376 Sanctitatem
1339 2333 1549 2376 Vestram
1571 2333 1687 2376 allo-

235 2411 411 2461 quatur,
452 2419 586 2460 quam
626 2404 843 2460 majorem
883 2404 929 2446 in
968 2404 1153 2445 modum
1183 2416 1396 2457 rogamus
1432 2408 1484 2445 ut
1516 2402 1691 2447 homini

236 2490 462 2519 summam
485 2477 619 2519 fidem
643 2476 805 2519 habere
829 2481 889 2527 et,
913 2475 1031 2530 quod
1052 2474 1109 2517 ab
1126 2488 1178 2516 ea
1201 2474 1413 2529 petimus,
1434 2475 1565 2518 nobis
1582 2489 1688 2518 con-

237 2549 389 2591 cedere
412 2549 628 2604 dignetur.
652 2549 784 2606 Quod
806 2562 888 2591 nos
911 2545 1110 2590 vicissim
1139 2546 1263 2589 omni
1293 2546 1418 2590 filiali
1441 2547 1689 2591 observan-

236 2619 299 2663 tia
322 2621 562 2676 promereri
584 2621 840 2664 curabimus
863 2633 969 2674 erga
990 2618 1291 2662 Sanctitatem
1315 2620 1527 2663 Vestram
1549 2633 1686 2676 quam

283 2797 337 2845 (1)
389 2797 461 2834 Sic
475 2799 779 2848 apographum,
801 2810 876 2835 non
895 2810 958 2836 21.

282 2856 332 2904 (2)
382 2857 434 2893 M
436 2859 599 2895 anuscri
597 2865 677 2907 pta
698 2857 1095 2907 Frauenburgensia,
1120 2856 1243 2894 trium
1269 2857 1511 2894 sec-nentium
1531 2857 1680 2907 episto-

234 2915 370 2953 larum
387 2924 475 2953 sunt
493 2919 757 2967 apographa.
