1786 3198
233 170 313 222 528
602 161 760 204 emt—fios
792 168 929 203 cmm„
957 175 982 202 Y
1012 174 1201 224 »amonim

243 262 302 304 Al
335 264 420 302 3ᾖο
451 257 687 312 siguiente,
714 254 938 312 en·1577,1
959 254 1064 309 optc')
1093 269 1148 296 en
1183 254 1226 296 13
1259 253 1550 314 universidad
1582 254 1641 299 de

181 333 334 378 Osuna
357 333 396 374 al
422 330 550 372 titulo
573 329 626 371 de
651 328 895 370 licenciado
919 341 972 368 en
997 327 1039 368 la
1063 325 1226 369 misma
1256 326 1454 370 facultad
1476 327 1530 370 de
1554 329 1637 372 Ar-

179 414 261 456 tes,
289 405 418 447 titulo
447 417 527 457 que
552 401 735 443 alcanzo
758 401 948 456 despues
971 399 1022 440 de
1047 398 1276 441 brillantes
1299 399 1527 454 ejercicios
1557 413 1632 443 ce*

183 478 381 519 lebrados
404 490 456 516 en
483 476 548 516 los
571 473 667 515 dias
689 487 718 528 4
741 487 770 528 y
789 471 812 515 5
832 472 885 514 de
908 474 1076 526 Agosto
1103 477 1208 513 ante
1233 472 1272 513 el
1297 477 1444 528 rector
1465 487 1493 527 y
1515 476 1642 515 otros

181 550 289 591 siete
307 553 524 590 maestros
544 560 632 610 ⁵que
658 545 932 600 componian
957 544 999 586 la
1019 544 1262 599 expresada
1277 543 1491 596 facustad,
1509 558 1539 600 y
1555 557 1642 599 que

183 737 319 776 quarta
340 727 400 762 die
419 737 512 762 vero
538 723 687 760 sabbati
718 722 923 771 vigessima
951 731 1057 759 sexta
1088 721 1234 759 mensis
1262 722 1351 770 maij
1381 723 1643 770 pontificatus

179 787 410 824 sanctissimi
430 786 466 822 in
491 776 571 833 x—p'o
591 783 708 831 patris
729 782 764 819 &c
783 782 938 818 domini
958 782 1096 829 nostri,
1125 782 1278 819 domini
1305 783 1470 832 gregorij
1500 780 1638 821 diuina

180 843 427 893 prouidentia
448 854 558 890 papae
578 843 718 880 decimi
739 842 840 891 tertij
862 855 970 879 anno
991 853 1133 891 quarto
1153 844 1255 879 intra
1276 844 1528 892 gymnasium
1547 855 1637 880 ma-

181 905 254 951 jus,
277 903 439 951 insignis
458 902 611 950 collegij
633 903 793 940 maioris
812 903 959 940 sa'nctae
978 904 1111 940 mariae
1130 904 1177 940 de
1198 904 1288 941 Jesu
1310 916 1355 942 30
1376 905 1642 942 celeberrimae

182 962 448 1000 uniuersitatis
467 962 700 1008 hispalensis
719 962 762 1010 jn
782 963 857 999 mei
878 962 1020 1011 notarij
1049 963 1197 1011 publici
1216 964 1333 1012 aplici
1361 964 1455 1001 dicti
1481 963 1639 1014 collegii

182 1032 220 1060 et
240 1023 502 1060 vniuersitatis
521 1022 722 1068 secretarii·
738 1032 774 1059 et
796 1023 953 1059 testium
971 1023 1312 1072 infrascriptorum
1331 1026 1538 1072 praesentia
1553 1037 1640 1074 per-

183 1084 369 1120 sonaliter
388 1083 626 1119 constitutus
642 1083 962 1130 per-magnificus
981 1085 1086 1120 dnus
1109 1085 1302 1120 martinus
1324 1084 1372 1120 de
1395 1085 1479 1121 Roa
1498 1085 1643 1122 cordu-

183 1144 311 1180 bensis
330 1144 366 1180 in
381 1144 573 1180 facultate
592 1145 734 1178 artium
758 1153 796 1180 et
815 1144 1093 1192 philosophiae,
1114 1144 1154 1180 in
1177 1133 1344 1192 colleg?
1363 1145 1643 1193 congregatio·
1673 1145 1678 1157 '

185 1205 244 1241 nis
260 1204 435 1241 Nominis
454 1203 543 1240 Jesu
561 1203 815 1249 cordubensi,
832 1213 873 1240 vt
891 1204 1082 1251 constitit,
1101 1203 1277 1240 studens:
1297 1205 1460 1252 cupiens
1473 1202 1508 1241 ἃς
1521 1204 1644 1240 affec·

182 1275 284 1312 tans,
307 1275 392 1313 post
412 1265 535 1300 multa
554 1274 778 1312 temporum
801 1264 1011 1309 curricula,
1030 1264 1176 1312 quibus
1198 1263 1238 1312 jn
1258 1264 1361 1301 dicta
1380 1265 1567 1301 facultate
1581 1265 1642 1300 in-

183 1325 346 1369 defesse,
369 1324 588 1372 jnsudauit,
611 1323 793 1359 cursibus
813 1323 893 1360 suis
913 1336 980 1371 per
1004 1325 1115 1369 actis,
1134 1323 1169 1361 ἃ
1189 1336 1255 1372 per
1277 1333 1351 1361 tres
1369 1324 1486 1361 dictae
1512 1324 1640 1360 sacul-

182 1385 270 1421 tatis
301 1384 599 1429 examinatores,
634 1383 819 1420 videlicet
855 1383 1039 1431 illustres.
1078 1385 1126 1420 ad
1154 1386 1320 1420 modum
1339 1375 1372 1432 'y
1401 1386 1490 1421 Rdos
1520 1386 1642 1424 Dnos.

182 1445 322 1481 artium
343 1444 377 1481 85
403 1443 664 1492 pliilosophiae
692 1444 916 1490 magistros,
946 1444 1149 1480 doctorem
1179 1445 1364 1481 didacum
1394 1445 1442 1481 de
1469 1445 1639 1494 suentes,

178 1505 215 1556 δι
242 1505 440 1541 doctorem
469 1504 734 1540 sebastianum
763 1504 810 1539 de
840 1516 967 1551 perea,
996 1504 1031 1540 δι
1057 1505 1196 1540 alu-aro
1227 1505 1381 1555 picano:
1418 1505 1639 1542 secundum

183 1566 509 1602 constitutionum
532 1564 715 1610 formam,
739 1576 783 1600 ac
807 1565 981 1612 praedicti
1002 1565 1157 1614 collegij
1179 1565 1214 1602 Sc
1233 1565 1500 1602 vniuersitatis
1517 1574 1642 1610 statu-

182 1635 234 1670 ta,
254 1638 299 1662 ac
319 1624 613 1661 memorabilem
628 1625 978 1668 consuetudinem,
997 1626 1192 1674 Rigurose
1214 1638 1257 1662 ac
1274 1625 1481 1673 diligenter
1494 1625 1644 1674 exami-

181 1695 296 1722 natus
315 1688 383 1735 atq
397 1686 619 1732 app⁰batusz
638 1686 686 1721 ad
703 1686 1030 1722 baccalaureatus
1045 1687 1228 1734 gradum,
1245 1686 1408 1722 inscrito
1424 1685 1646 1735 sublimarit

181 1747 288 1782 Hora
316 1746 431 1793 igitur
457 1745 608 1781 circiter
627 1744 837 1781 vndecima
856 1754 947 1782 ante
967 1745 1186 1789 meridiem,
1209 1756 1340 1781 coram
1370 1745 1534 1791 praefato
1552 1745 1648 1783 Dno

182 1807 343 1842 doctore
357 1817 401 1841 ac
417 1805 600 1852 magistro
616 1805 759 1842 didaco
774 1805 822 1841 de
839 1805 1011 1849 suentes,
1029 1805 1231 1841 humiliter
1246 1805 1478 1853 jnclinatus,
1491 1805 1639 1853 petitio-

183 1879 232 1903 ne
253 1867 357 1914 prius
378 1867 490 1911 facta,
514 1875 554 1903 vt
575 1877 660 1902 mos
678 1878 744 1913 per
762 1866 879 1902 dicta:
893 1866 1174 1912 vniuersitatiS,
1192 1865 1227 1902 &
1241 1867 1288 1902 de
1307 1865 1463 1902 licentia
1481 1866 1645 1903 illustris

185 1926 359 1974 Dominj.
381 1939 424 1963 ac
447 1926 521 1974 Dnj
545 1927 619 1963 mei
640 1927 837 1964 licenciati
857 1927 985 1963 didaci
1013 1927 1229 1964 fernandez
1255 1926 1438 1969 Vdasco,
1464 1926 1640 1964 eiusdem

184 1987 336 2034 collegij
361 1987 395 2023 &
420 1987 685 2023 vniuersitatis
704 1987 885 2024 Rectoris
901 1987 1170 2032 chancellarij:
1187 1987 1353 2035 gradum
1371 1986 1645 2023 baccalaurea-

184 2056 248 2083 tus
267 2046 309 2094 jn
328 2047 476 2083 artibus
493 2045 528 2083 &
549 2047 824 2094 philosophiae,
847 2060 868 2083 a
890 2047 1120 2094 supradicto
1141 2048 1231 2084 Dno
1254 2049 1423 2084 Doctore
1439 2059 1485 2084 ac
1500 2047 1645 2095 magis-

187 2116 246 2143 tro
266 2107 405 2143 didaco
425 2107 471 2143 de
490 2107 644 2143 suentes
665 2107 900 2144 auctoritate
918 2119 1032 2155 appca
1050 2106 1085 2144 ἃ,
1113 2108 1234 2156 Regia
1263 2107 1304 2156 jn
1324 2107 1398 2144 hac
1417 2117 1524 2155 parte
1543 2108 1640 2145 fun·-

186 2175 314 2213 gente,
336 2166 506 2213 legitime
527 2167 691 2214 Recepit
707 2166 743 2204 8c
764 2169 975 2216 assumpsit
995 2167 1036 2216 jn
1058 2168 1353 2215 baccalaureus,
1383 2167 1574 2204 Martinus
1593 2169 1640 2204 de

185 2226 284 2271 Roa,
305 2226 375 2262 sibi
393 2238 411 2262 3
434 2238 494 2263 me
514 2226 619 2263 dicto
639 2228 862 2270 secretario,
884 2239 1007 2264 vnum
1029 2228 1089 2264 vel
1110 2229 1219 2275 plura
1242 2226 1447 2276 publicum
1466 2238 1533 2263 seu
1552 2239 1646 2274 puea

185 2285 269 2322 fieri
289 2285 398 2332 petiit
416 2294 455 2321 at
473 2288 499 2335 ε’]
517 2286 660 2322 confici
680 2287 992 2335 jnstrumentum
1012 2287 1047 2325 &
1074 2288 1335 2324 instrumenta
1365 2296 1449 2323 acta
1478 2287 1646 2324 fuerunt

188 2345 271 2380 haec
290 2344 332 2393 jn
351 2346 455 2381 dicto
475 2347 624 2395 colleg0
637 2346 953 2384 &vniuersitatffl
970 2349 1044 2385 sub
1058 2360 1168 2384 anno
1184 2347 1416 2393 indictione,
1434 2347 1511 2392 die,
1527 2359 1639 2384 men-

187 2416 241 2447 se,
261 2405 296 2441 &
316 2406 547 2452 pontificatu
567 2406 714 2454 quibus
742 2419 875 2455 supra:
897 2408 1159 2455 praesentibus
1185 2407 1329 2444 ibidem
1353 2407 1646 2455 permagnificis

187 2464 364 2499 Dominis
385 2465 639 2502 baccalaureo
659 2478 792 2503 marco
813 2467 1037 2515 Rodriguez
1059 2467 1300 2515 praesbitero,
1327 2468 1363 2505 δε
1388 2467 1538 2504 Joanne
1566 2479 1639 2504 au·

187 2524 318 2570 gustin
338 2524 375 2559 in
396 2525 490 2560 colis
508 2525 812 2573 hispalensibus,
840 2526 875 2564 Sc
904 2528 1161 2564 baccalaureo
1191 2528 1414 2565 sebastiano
1440 2528 1488 2564 de
1505 2527 1642 2564 salua»

190 2581 303 2617 tierra
324 2584 489 2630 bedello,
510 2585 543 2621 δε
562 2585 662 2622 alliis
694 2587 874 2623 Dominis
901 2587 1065 2624 testibus
1093 2588 1142 2623 ad
1172 2588 1371 2635 praemissa
1397 2589 1546 2626 vocatis
1572 2590 1643 2638 att-3

191 2640 363 2687 Rogatis.

239 2701 294 2736 lta
314 2711 369 2738 est
388 2715 456 2750 pro
478 2705 672 2753 Registro.

1011 2804 1237 2852 Stephanus
1256 2804 1304 2840 de
1322 2805 1447 2855 Rosas

985 2863 1160 2900 notarius
1176 2862 1212 2902 ἃς
1230 2864 1477 2902 secretarius.
