1786 3198
418 248 598 277 ALFONSI
627 251 823 281 VALDsssn
855 254 1053 284 LirTssRAE
1082 257 1137 285 XL
1166 258 1359 287 INEDITAE
1479 260 1560 302 403

152 325 302 370 bitum
324 326 438 370 mihi
460 328 516 371 da
542 342 647 372 cum
681 330 851 384 primis,
876 332 978 375 Non
1004 348 1186 388 possum
1209 337 1323 380 satis
1352 337 1504 381 mirari
1534 353 1619 383 cur

152 397 280 456 typis
305 413 394 465 non
416 401 742 461 excuderentur
762 417 864 446 cum
889 408 1132 450 vernacula
1154 414 1304 451 vestra
1326 409 1437 452 adeo
1459 411 1617 456 omnia

147 470 216 514 «ad
242 465 429 526 loffgum
462 479 569 515 sunt
600 487 822 528 expressa.
855 477 1110 529 Caballer0‚
1144 479 1400 537 Conquenses
1428 483 1613 534 ilustres,

159 542 307 601 IV,p.
325 546 552 600 409.—18
571 545 680 600 Maji
699 546 815 604 1529
833 549 974 590 scribit
994 565 1063 592 rex
1079 552 1376 596 Ferdinandus
1396 554 1454 596 ad
1476 555 1615 598 Coesa·

152 629 266 659 rem.-
283 612 362 672 j’ai
384 631 486 672 recu
509 633 570 660 un
594 618 745 661 cahier
766 634 824 662 ou
846 628 913 663 est
936 628 1132 665 contenu
1157 631 1256 667 tout
1286 626 1326 668 le
1348 626 1535 670 demene
1556 628 1618 672 du

149 689 340 732 combat
359 690 515 733 dentre
538 698 663 734 votre
688 696 815 735 ma.t‘=
838 699 882 735 et
907 694 946 735 le
969 694 1034 736 roi
1056 695 1109 737 de
1134 697 1315 741 France.
1341 700 1616 755 Correspon·

149 761 275 804 <lenz
294 762 356 807 ed.
381 765 527 815 Lanz,
554 764 596 815 Ι,
614 768 662 821 p.
691 779 794 822 299.

218 909 270 954 S.
334 908 618 965 Pasquillum
647 924 750 953 cum
781 911 898 966 apud
928 925 999 954 me
1028 913 1208 964 retinui,
1234 928 1335 957 eam
1365 915 1512 970 ipsam
1545 916 1619 959 le-

148 996 279 1039 gem,
304 995 441 1038 quam
466 987 516 1024 tu
547 981 656 1025 mihi
687 983 953 1038 praescribis,
991 985 1180 1039 ipsemet
1213 986 1322 1029 mihi
1355 988 1615 1043 praescripsi

151 1069 244 1098 nec
278 1069 415 1098 ausus
450 1069 554 1098 sum
593 1057 848 1110 exemplum
888 1070 1065 1099 sumere
1102 1064 1146 1100 te
1185 1058 1457 1112 inconsulto,
1497 1075 1662 1114 nunc.

159 1133 329 1178 autem,
354 1141 458 1170 cum
483 1132 531 1169 tu
555 1127 650 1182 ipse
673 1127 716 1169 id
745 1128 854 1169 mihi
890 1129 1159 1182 permiseris,
1200 1131 1447 1174 describam
1483 1138 1529 1175 et
1562 1133 1622 1176 ad

154 1205 203 1243 te
224 1200 558 1255 quamprimum
583 1199 777 1250 mittam,
801 1207 845 1242 et
862 1215 915 1242 ea
938 1202 1033 1255 lege
1058 1202 1302 1246 describam
1328 1210 1378 1245 ut
1400 1218 1483 1246 nec
1507 1204 1621 1248 mihi

154 1286 243 1316 nec
262 1272 343 1316 tibi
366 1278 542 1324 noceat,
569 1286 669 1315 sum
693 1273 813 1315 enim
838 1272 935 1327 ejus
957 1274 1095 1316 animi
1131 1280 1179 1316 ut
1208 1289 1298 1317 non
1331 1275 1481 1318 minus
1505 1276 1619 1319 mihi

150 1358 264 1388 cara
291 1346 350 1388 sit
377 1351 456 1388 tua
477 1359 613 1400 quam
642 1359 744 1387 mea
767 1345 1054 1396 existimatio,
1080 1347 1212 1401 quod,
1240 1348 1276 1390 si
1300 1348 1380 1390 tibi
1416 1349 1618 1392 nondum

154 1431 422 1475 persuasum
444 1433 542 1460 esse
565 1418 807 1468 crederem,
836 1418 1038 1473 pluribus
1059 1419 1355 1463 inculcarem.
1383 1420 1516 1463 Vale.

220 1491 347 1534 Tuus
370 1491 629 1535 Valdesius.

219 1563 448 1607 Dantiscus
471 1562 682 1618 Valdesio,
713 1575 734 1604 1
763 1562 895 1604 Febr.
933 1562 1066 1618 1529:
1106 1561 1391 1616 Pasquillum
1429 1569 1473 1605 et
1509 1563 1616 1613 alia,

149 1649 261 1678 cum
296 1635 523 1691 Hispania
556 1635 666 1677 mihi
703 1635 964 1690 reliquenda
996 1641 1078 1686 est,
1115 1634 1321 1689 accipies,
1355 1641 1462 1677 sunt
1496 1635 1619 1678 enim

149 1707 305 1750 adhuc
325 1708 372 1750 in
394 1721 558 1759 massa,
585 1707 786 1750 nondum
810 1707 920 1749 satis
944 1706 1150 1749 incudem
1175 1714 1374 1762 experta.
1403 1707 1618 1751 Caballe-

152 1793 225 1831 to,
252 1779 510 1836 Conquenses
529 1780 708 1831 ilustres,
734 1780 817 1835 IV,
838 1784 886 1836 p.
910 1792 1016 1835 409.

220 1924 268 1968 S.
293 1939 338 1980 p.
407 1925 552 1968 Viden
584 1939 720 1981 quam
756 1925 866 1968 mihi
891 1924 1159 1979 tragoediam
1185 1924 1389 1965 excitaris
1413 1937 1516 1966 cum
1541 1928 1620 1966 tuo

159 1996 405 2052 Pasquillo.
432 1982 652 2040 Volitax'aeit
674 1998 748 2040 ille
772 2012 849 2053 per
872 2003 1013 2039 totam
1039 1996 1327 2050 Hispaniam,
1355 1996 1620 2037 multorum-

150 2083 246 2125 que
268 2069 428 2112 litteris
450 2070 614 2112 obruor
636 2070 760 2124 quasi
784 2069 904 2111 domi
930 2069 1119 2111 habeam
1144 2068 1441 2122 Pasquillum.
1466 2067 1622 2110 Tuum

161 2155 282 2184 nunc
303 2142 387 2184 erit
417 2156 495 2196 pro
531 2156 601 2184 me
630 2149 871 2197 patronum
896 2156 1047 2196 agere,
1075 2142 1193 2196 quod
1215 2141 1251 2182 si
1276 2141 1554 2195 praestiteris,
1578 2146 1623 2183 et

158 2213 273 2258 mihi
290 2228 387 2257 rem
410 2215 712 2270 gratissimam
736 2215 871 2257 facies
894 2222 937 2257 et
960 2221 1003 2257 te
1033 2214 1089 2256 ab
1115 2212 1283 2254 invidia
1306 2212 1532 2264 liberabis;
1552 2212 1622 2254 sin

161 2287 326 2338 minus,
343 2302 518 2340 omnes,
538 2294 755 2343 quotquot
778 2287 993 2337 venerint,
1022 2287 1077 2328 ad
1099 2292 1144 2327 te
1167 2284 1412 2328 remittam.
1438 2285 1524 2327 Est
1544 2298 1621 2326 no·

154 2359 263 2402 bilis
279 2360 461 2415 quidam
485 2374 563 2415 pro
589 2360 894 2415 Hispanorum
914 2364 1047 2413 captu
1067 2356 1333 2398 eruditionis
1356 2370 1446 2398 non
1466 2369 1624 2410 asper-

154 2431 333 2484 nandae,
361 2446 443 2474 nec
468 2433 617 2474 minus
637 2446 801 2487 genere
832 2431 1032 2479 illustris,
1061 2435 1216 2482 utpote
1238 2428 1338 2470 duci
1362 2428 1431 2470 del
1456 2427 1620 2470 Infan-

149 2507 293 2558 tazgo
310 2504 531 2560 sanguine
549 2504 958 2559 conjunctissimus;
987 2502 1022 2543 is
1038 2515 1138 2544 cum
1163 2501 1469 2555 superioribus
1492 2500 1623 2544 annis

159 2574 352 2618 heroicis
384 2577 587 2618 versibus
616 2576 802 2618 ediderit
830 2573 1152 2617 talichristiam
1179 2570 1247 2622 (1),
1285 2573 1472 2615 audiens
1501 2586 1623 2615 nunc

153 2646 436 2702 Pasquillum
468 2648 587 2703 apud
620 2662 691 2690 me
724 2646 950 2695 diversari,
989 2645 1106 2686 hanc
1143 2658 1279 2699 quam
1303 2645 1429 2687 vides
1450 2645 1621 2701 episto-

150 2719 249 2762 lam
273 2721 329 2763 ad
353 2733 425 2763 me
447 2720 584 2771 dedit,
611 2734 746 2775 quam
782 2720 864 2762 hac
899 2719 996 2773 lege
1021 2716 1078 2758 ad
1111 2721 1155 2758 te
1184 2716 1316 2759 mitto
1340 2723 1389 2759 ut
1413 2730 1515 2760 meo
1539 2731 1627 2760 no-

152 2789 282 2832 mine
301 2789 359 2833 ad
380 2803 480 2833 eam
504 2789 787 2845 respondeas.
813 2788 940 2831 Vale.

207 2942 262 2993 (ι)
313 2943 583 2981 talichristiam
603 2942 912 2992 apographum.
