1786 3198
250 210 329 262 408
735 218 907 246 EDUARD
937 218 1140 246 BOEHMER

255 303 303 345 S.
341 316 383 356 p.
452 298 548 342 Nisi
588 310 776 339 manum
816 302 860 339 et
893 285 1082 339 anulum
1121 302 1248 340 tuum
1287 297 1573 353 agnovissem
1609 297 1657 342 in

196 375 265 416 his
289 372 448 415 litteris
471 384 582 425 quas
604 368 905 411 familiaribus
939 369 1236 412 illustrissimi
1269 369 1442 413 domini
1474 370 1657 415 comitis

193 447 237 489 in
261 446 300 487 T
304 457 454 487 arnow
477 443 531 484 ad
557 455 626 484 me
648 441 826 497 dedisti,
853 455 1022 484 nomen
1047 441 1246 496 profecto
1269 444 1386 496 quod
1410 457 1437 486 a
1453 449 1499 486 te
1517 443 1657 486 omis-

192 532 291 559 sum
316 522 383 558 est
406 528 675 568 cognoscere
697 528 787 556 non
811 519 1030 568 poteram,
1063 520 1107 555 et
1138 528 1414 569 quamquam
1444 529 1544 558 sero
1565 515 1656 559 illae

191 590 246 632 ad
273 603 342 631 me
364 588 547 642 perlatae
580 592 702 638 sunt,
739 586 918 628 fuerunt
953 594 1106 629 tamen
1141 593 1192 628 ut
1213 594 1303 630 tuae
1326 601 1484 630 omnes
1507 589 1656 632 solent

187 661 539 717 jucundissimae.
580 660 642 701 Et
677 658 876 701 officium
911 659 1028 713 quod
1057 673 1084 701 a
1114 673 1185 701 me
1215 659 1261 702 in
1291 660 1361 702 his
1390 661 1654 715 postulabas

190 748 292 777 cum
323 734 407 784 his,
433 732 508 787 qui
542 746 680 786 equos
709 732 766 774 ad
796 733 1022 774 Caesarem
1057 733 1320 783 attulerunt,
1356 733 1653 778 libentissime

190 807 323 849 simul
345 820 398 848 ac
421 804 762 860 diligentissime
779 804 985 859 praestiti,
1005 805 1123 858 quod
1141 804 1226 859 ipsi
1244 805 1398 862 testari
1421 812 1650 860 poterunt3

190 879 316 922 effeci
340 884 554 934 praeterea
577 891 633 920 ne
654 891 745 919 non
777 877 932 920 donati
967 877 1154 920 abirent.
1187 877 1472 933 Quamquam
1504 879 1549 922 in
1579 879 1652 923 his

189 951 408 1007 angustiis
446 965 515 992 res
554 956 721 993 nostrae
759 956 998 993 versantur
1031 957 1081 992 ut
1114 952 1352 1006 pecuniam
1386 951 1653 1007 profundere

189 1039 276 1067 non
301 1025 550 1075 valeamus,
578 1023 786 1066 existimo
810 1029 964 1065 tamen
988 1038 1065 1066 eos
1088 1030 1326 1066 contentos
1350 1024 1487 1077 abire,
1513 1025 1650 1067 intel-

188 1097 434 1151 lexisseque
459 1103 516 1148 te,
547 1096 650 1138 licet
683 1096 932 1145 absentem,
961 1096 1207 1150 plurimum
1238 1097 1357 1151 apud
1390 1112 1473 1140 nos
1501 1112 1649 1153 posse,

188 1169 229 1211 id
253 1170 371 1223 quod
394 1169 437 1210 in
461 1168 594 1210 rebus
616 1167 829 1210 omnibus
853 1168 969 1211 dabo
1001 1182 1182 1223 operam
1217 1175 1266 1211 ut
1298 1183 1457 1213 omnes
1479 1170 1650 1214 intelli-

186 1250 311 1297 gant.
341 1243 549 1284 Ceterum
572 1255 662 1284 non
694 1255 878 1296 possum
913 1256 1001 1283 non
1035 1249 1184 1284 tecum
1214 1243 1500 1296 expostulare
1533 1243 1653 1298 quod

188 1316 243 1357 ad
265 1321 489 1357 oratorem
513 1314 696 1356 Gallum
730 1314 928 1356 scribens
962 1313 1050 1356 mei
1084 1315 1198 1356 adeo
1231 1314 1369 1357 fueris
1402 1315 1568 1358 oblitus
1601 1320 1653 1359 ut

187 1401 269 1429 nec
291 1394 334 1429 te
355 1388 518 1442 valere,
550 1387 668 1442 quod
703 1400 774 1428 me
808 1387 1097 1429 vehementer
1129 1393 1284 1441 optare
1318 1387 1428 1429 satis
1462 1401 1653 1443 persua-

186 1474 285 1502 sum
311 1460 463 1511 habes,
489 1459 681 1502 scribere
713 1459 925 1502 volueris.
962 1461 1062 1514 Ego
1100 1474 1204 1502 vero
1234 1461 1289 1502 ad
1311 1466 1356 1502 te
1381 1460 1450 1502 bis
1474 1461 1648 1516 scripsi,

187 1532 381 1586 primum
405 1546 484 1587 per
504 1546 608 1574 eum
632 1532 828 1574 nobilem
863 1545 995 1590 qu-em
1030 1545 1108 1586 pro
1142 1532 1322 1587 negotio
1352 1532 1547 1576 Prussiae
1575 1534 1651 1577 hic

186 1604 413 1655 dimisisti,
439 1610 483 1646 et
517 1604 676 1647 deinde
708 1618 785 1659 per
821 1604 1024 1659 Eingher
1047 1603 1100 1649 (1)
1132 1611 1336 1647 nostrum
1370 1606 1443 1660 qui
1476 1605 1650 1649 litteras

187 1691 312 1719 meas
332 1677 563 1720 tabellario
586 1682 710 1719 recta
731 1676 847 1719 istuc
870 1675 1168 1730 proficiscenti
1193 1692 1239 1719 se
1262 1677 1434 1721 dedisse
1463 1693 1644 1722 asseve—

185 1750 316 1792 ravit.
344 1750 454 1806 Quae
477 1765 533 1792 an
559 1750 614 1792 ad
638 1756 681 1792 te
704 1748 983 1804 pervenerint
1009 1749 1172 1792 litterae
1195 1750 1363 1802 nescio,
1390 1751 1646 1806 pervenisse

187 1829 337 1865 autem
363 1823 650 1865 vehementer
673 1823 821 1877 cupio.

246 1896 358 1952 Quae
383 1895 455 1938 hic
479 1909 668 1950 agamus
690 1895 858 1949 accipe.
887 1895 1040 1937 Caesar
1062 1894 1138 1936 ubi
1161 1894 1272 1936 vidit
1301 1909 1483 1938 ornnem
1508 1910 1646 1952 prope

186 1968 503 2011 Germanicum
540 1967 787 2022 peditatum
821 1974 865 2010 et
891 1967 1141 2022 equitatum
1177 1968 1473 2025 praecessisse,
1500 1969 1644 2024 legio-

185 2055 376 2095 nemque
399 2040 694 2095 Hispanicam
716 2040 982 2082 Passavium
1004 2039 1057 2085 (2)
1081 2040 1274 2082 secundo
1291 2040 1478 2084 flumine
1503 2042 1645 2097 appli-

187 2115 345 2164 cuisse,
373 2120 507 2168 atque
531 2112 635 2155 hinc
653 2127 707 2154 ex
732 2112 886 2163 Italia,
907 2113 1009 2155 inde
1031 2127 1084 2155 ex
1107 2113 1257 2155 Gallia
1279 2114 1465 2169 Belgica
1486 2127 1646 2157 omnes

186 2184 335 2238 copias
358 2184 603 2226 incredibili
626 2183 852 2225 celeritate
882 2185 1121 2228 adventare
1144 2186 1383 2240 omniaque
1415 2192 1646 2230 tormenta

187 2256 343 2299 bellica
360 2263 517 2312 parata
533 2271 650 2307 esse,
672 2256 861 2298 ulterius
879 2257 951 2299 hic
966 2258 1210 2312 permorari
1234 2258 1395 2310 noluit,
1416 2260 1492 2301 sed
1509 2259 1645 2302 omis·

185 2343 235 2371 so
258 2329 417 2372 balneo
440 2344 492 2372 ac
516 2329 720 2385 pristinae
744 2329 992 2372 valetudini
1015 2330 1248 2372 restitutus
1279 2330 1374 2373 heri
1395 2330 1451 2373 ad
1473 2331 1642 2374 exerci-

187 2407 284 2443 tum
319 2401 544 2456 profectus
577 2408 660 2443 est.
688 2403 835 2459 Quem
866 2416 949 2444 nos
973 2403 1120 2445 missis
1150 2403 1320 2458 aliquot
1351 2410 1448 2446 tum
1483 2404 1527 2446 in
1551 2405 1644 2447 Hi-

185 2474 387 2527 spaniam
407 2480 503 2517 tum
522 2474 568 2516 in
588 2475 772 2517 Italiam
792 2475 1036 2518 tabellariis
1059 2490 1156 2518 cras
1179 2490 1434 2530 sequemur.
1459 2475 1639 2529 Turcae,

185 2546 321 2587 veluti
346 2560 399 2588 ex
423 2547 601 2590 Vienna
623 2548 679 2590 ad
701 2562 783 2590 nos
807 2548 1022 2603 scriptum
1046 2555 1129 2601 est,
1156 2549 1358 2591 nondum
1378 2549 1641 2604 oppidulum

186 2615 307 2666 illud,
341 2619 456 2672 quod
486 2620 558 2661 vix
581 2634 658 2674 per
681 2620 866 2663 biduum
891 2627 1068 2664 tantam
1103 2621 1382 2664 obsidionem
1418 2622 1643 2666 sustinere

235 2794 287 2839 (ι)
339 2795 402 2830 De
427 2807 499 2843 quo
527 2798 587 2845 cf.
616 2797 945 2846 Correspondenz
973 2799 1041 2835 des
1068 2799 1224 2836 Kaisers
1241 2800 1336 2836 Karl
1364 2802 1415 2846 V,
1438 2801 1500 2838 ed.
1519 2801 1643 2848 Lanz,

184 2853 262 2890 vol.
285 2854 313 2898 I,
330 2866 372 2903 p⁴
397 2856 477 2900 564.

236 2915 289 2961 (2)
340 2916 654 2963 Apographum:
674 2918 894 2956 Patavium.
