1786 3198
260 205 311 243 66
728 208 759 243 J.
793 208 832 235 R.
870 207 920 232 DE
952 203 1116 232 LUANco

205 294 422 338 totelicos:
447 292 615 335 Natura
651 286 815 334 catoris,
841 289 877 327 et
905 289 1059 326 natura
1093 281 1381 332 humiditatis,
1417 285 1455 326 et
1488 285 1653 324 natura

197 366 475 426 frigiditatis,
497 367 533 404 et
553 365 705 403 natura
725 358 940 400 siccitatis.

268 441 352 483 Del
383 434 607 492 equilibrio
638 438 760 474 entre
793 431 831 473 el
867 431 986 472 calor
1005 443 1034 484 y
1057 430 1100 471 la
1133 428 1319 471 frialdad
1352 427 1552 471 resultan
1586 427 1655 470 las

206 511 452 557 cualidades
485 505 765 550 intermedias
788 505 840 546 de
864 505 907 545 la
929 502 1133 551 materia,
1161 501 1316 544 siendo
1339 500 1572 544 inherente
1606 500 1651 543 al

205 587 325 630 calor
346 584 383 626 el
407 579 694 624 movimiento
716 592 744 633 y
767 579 793 621 a
814 578 859 620 la
879 576 1065 619 frialdad
1088 577 1133 618 la
1155 573 1339 626 inercia,
1361 579 1436 616 aut
1456 577 1655 617 creatura

204 664 291 703 erat
310 656 457 700 caloris
479 658 515 695 et
535 657 682 702 motus,
708 650 813 693 unde
831 653 956 706 patet,
979 648 1170 705 primam
1202 661 1285 690 esse
1313 645 1586 702 frigiditatis
1616 649 1657 688 et

204 736 348 778 status.

265 804 332 846 La
354 799 608 842 naturaleza
625 797 679 838 de
701 797 766 837 los
790 795 972 836 metales
990 794 1086 835 esta
1104 791 1324 834 sometida
1345 792 1372 834 a
1394 791 1439 833 13
1461 790 1655 833 influen-

204 875 272 918 cia
292 874 344 916 de
367 874 432 914 108
454 872 653 926 planetas
671 869 696 918 ὁ
718 882 903 921 cuerpos
925 866 1190 921 superiores,
1213 865 1266 908 de
1284 865 1429 908 donde
1452 863 1655 907 resultan

206 948 260 990 de
280 945 450 1004 Jfipiter
470 943 509 985 el
532 945 705 996 estafio,
726 941 779 983 de
797 940 994 983 Saturno
1011 939 1049 980 el
1075 939 1242 993 plomo,
1264 938 1318 980 de
1339 937 1496 980 Venus
1512 937 1554 980 01
1569 950 1651 984 ,00-

205 1020 294 1069 bre,
318 1023 400 1059 etc.
430 1016 484 1058 El
507 1029 583 1057 oro
607 1014 750 1056 recibe
782 1027 833 1055 su
867 1011 1106 1054 influencia
1128 1011 1197 1053 del
1221 1010 1316 1061 Sol;
1343 1024 1402 1052 no
1425 1009 1652 1060 obstante,

205 1091 301 1133 dice
323 1091 349 1132 3
371 1087 593 1143 proposito
610 1086 662 1128 de
686 1087 728 1128 la
749 1085 924 1140 genesis
947 1084 999 1127 de
1023 1084 1089 1126 los
1112 1097 1311 1137 cuerpos:
1333 1083 1396 1125 Et
1417 1082 1503 1125 nisi
1523 1082 1654 1126 etiam

206 1166 333 1206 essent
353 1160 518 1203 diversae
539 1159 714 1201 actiones
736 1163 773 1200 et
798 1157 1033 1212 influencice
1061 1160 1282 1212 corporum
1309 1155 1654 1212 supercaelestium

210 1237 253 1277 in
276 1234 354 1276 illa
376 1233 592 1289 inferiora,
616 1231 757 1273 onznia
779 1234 951 1286 corpora
975 1228 1198 1271 mineralia
1221 1232 1349 1271 essent
1371 1240 1558 1272 AURUM.

266 1307 376 1348 Bien
400 1320 444 1348 se
468 1305 578 1347 echa
600 1304 651 1346 de
674 1318 750 1345 ver
772 1317 855 1357 que
878 1303 917 1344 el
941 1305 1131 1356 empefio
1149 1301 1202 1344 de
1226 1300 1417 1343 Belonio
1431 1314 1480 1342 es
1497 1314 1582 1356 que
1600 1314 1654 1343 su

209 1379 420 1433 discipulo
443 1376 635 1432 aprenda
657 1377 684 1418 ἐ.
711 1374 909 1418 cambiar
942 1376 985 1417 13
1014 1375 1275 1416 naturaleza
1297 1373 1350 1416 de
1373 1374 1441 1416 los
1466 1387 1658 1429 cuerpos

210 1466 287 1506 por
308 1452 350 1493 13
372 1448 679 1492 combinacion
702 1448 754 1490 de
789 1448 830 1489 lo
853 1447 936 1489 frio
958 1462 986 1502 y
1011 1447 1207 1489 hnmedo
1230 1461 1313 1488 con
1337 1447 1381 1488 10
1404 1446 1597 1489 03110οῒ0
1627 1460 1657 1502 y

210 1538 324 1575 seco;
349 1523 412 1565 asi
434 1523 476 1563 lo
498 1522 594 1564 dice
626 1535 681 1562 en
715 1534 804 1562 uno
837 1521 890 1562 de
922 1521 990 1562 108
1022 1518 1196 1575 pasajes
1230 1519 1300 1561 del
1323 1518 1520 1574 dialogo:
1545 1520 1656 1577 Jam

206 1609 306 1652 ergo
326 1595 402 1637 tibi
423 1593 649 1636 monstravi
670 1598 747 1635 tres
764 1592 903 1635 modos
926 1593 970 1634 in
989 1592 1192 1649 generali,
1215 1591 1416 1635 mutando
1433 1606 1564 1635 unam
1580 1606 1661 1634 na-

211 1675 347 1711 turam
369 1668 412 1709 in
433 1666 582 1709 aliam.
1118 1703 1125 1710 ,

270 1741 325 1783 ΕΙ
349 1739 540 1794 capitulo
563 1738 760 1792 segundo
782 1743 898 1780 trata
920 1738 972 1780 de
995 1738 1038 1780 13
1060 1737 1308 1794 generacion
1329 1737 1377 1779 de
1398 1736 1458 1779 los
1480 1740 1651 1794 cuerpos

214 1813 438 1863 nfflzerales,
456 1810 519 1853 asi
534 1810 743 1852 naturales
759 1824 873 1852 corno
889 1810 1144 1865 artificiales.
1163 1810 1231 1852 La
1245 1809 1354 1860 Υ31Ζ,
1373 1809 1400 1850 ὁ
1415 1822 1492 1851 803
1511 1813 1654 1853 mate-

215 1887 277 1928 ria
291 1883 541 1939 primordial
559 1883 611 1924 de
630 1883 696 1924 108
715 1883 966 1932 minerales,
987 1896 1068 1925 son
1086 1883 1126 1924 el
1142 1881 1292 1925 azufre
1308 1897 1337 1937 y
1354 1881 1395 1924 el
1414 1880 1654 1925 mercurio.

215 1958 356 2001 Radix
376 1957 557 2013 ipsorum
579 1954 846 1997 minemlium
861 1960 917 1997 est
933 1960 1161 2012 argentum
1179 1955 1321 1997 vivum
1343 1968 1439 1996 cum
1460 1953 1659 2010 sulphur‚·

214 2045 309 2072 mas
324 2035 441 2072 estos
463 2027 702 2083 principios
725 2042 782 2069 no
805 2042 885 2069 son
907 2029 1020 2070 tales
1044 2033 1174 2071 antes
1192 2029 1245 2071 de
1269 2041 1320 2069 su
1342 2026 1669 2082 congelacibn-

217 2102 329 2156 Aqui
355 2100 628 2143 intervienen
652 2101 695 2143 13
717 2099 918 2151 frialdad,
945 2101 990 2142 la
1018 2101 1261 2151 humedad,
1287 2100 1327 2142 el
1351 2100 1489 2150 calor,
1517 2099 1560 2142 la
1582 2099 1663 2142 de-

214 2173 407 2224 coenon,
431 2178 527 2223 etc„
552 2187 581 2227 y
597 2172 686 2214 cita
702 2186 831 2214 como
849 2171 1039 2227 ejemplo
1063 2175 1106 2216 13
1123 2172 1396 2216 fabricacion
1419 2172 1489 2215 del
1502 2170 1661 2227 jab6n,

215 2260 271 2288 en
295 2247 335 2287 13
355 2260 438 2299 que
468 2259 514 2286 se
546 2244 753 2287 modifica
784 2245 828 2287 la
858 2246 1118 2288 naturaleza
1148 2246 1201 2288 de
1235 2247 1303 2288 los
1337 2245 1661 2301 ingredientes.

280 2317 502 2358 Resumen
525 2315 577 2358 de
599 2317 665 2358 138
686 2315 808 2358 ideas
830 2316 898 2358 del
922 2323 1115 2359 maestro
1144 2332 1191 2359 es
1223 2318 1266 2360 10
1296 2332 1384 2372 que
1419 2317 1519 2361 dice
1553 2318 1582 2360 3
1611 2331 1665 2359 80

218 2389 430 2443 discipulo
453 2403 505 2430 en
527 2387 670 2430 forma
697 2388 981 2431 axiomatica:
1006 2391 1067 2432 Et
1089 2390 1202 2432 debes
1224 2391 1326 2434 scire
1349 2391 1459 2447 quod
1481 2404 1531 2432 ex
1549 2404 1664 2432 com·

220 2461 413 2502 mixtione
434 2460 608 2502 duorum
629 2465 846 2517 corporum
875 2462 1047 2517 posibile
1068 2467 1126 2504 est
1148 2464 1315 2505 tertium
1349 2463 1562 2520 generari.
1589 2462 1663 2505 En

220 2533 263 2574 13
286 2532 546 2584 generacion
568 2533 636 2574 del
659 2547 735 2575 oro
759 2534 815 2576 da
836 2547 966 2576 como
989 2541 1308 2589 componentes
1337 2535 1380 2579 al
1403 2535 1551 2578 1ιίοιτο
1572 2549 1604 2591 y
1623 2534 1668 2578 31

219 2606 390 2656 estafio,
421 2604 614 2658 quoniam
643 2619 692 2647 ex
721 2605 1008 2648 commixtione
1039 2607 1213 2657 Martis,
1246 2608 1319 2664 qui
1351 2611 1408 2650 est
1435 2607 1599 2652 calidus
1632 2611 1671 2650 et

220 2676 345 2717 siccus
366 2689 457 2716 cum
477 2676 598 2731 Jove,
625 2677 792 2734 frigido
822 2683 859 2721 et
890 2678 1076 2730 humido,
1112 2680 1281 2722 Aurum
1307 2683 1556 2738 generatur.
1591 2678 1666 2722 En

220 2752 315 2788 esta
338 2746 702 2791 transformaeion
735 2749 1011 2792 intervienen
1035 2751 1197 2794 ciertos
1221 2751 1413 2808 elimes,
1441 2765 1558 2807 cuya
1581 2750 1667 2794 efi-

221 2818 342 2861 cacia
370 2832 417 2859 es
445 2820 522 2870 tal,
548 2833 630 2874 que
652 2821 840 2864 dixerunt
863 2822 1076 2879 Sapientes
1110 2824 1278 2881 antiqui
1309 2824 1420 2882 quod
1452 2837 1540 2867 una
1566 2827 1668 2880 pars

222 2890 337 2932 illius
358 2889 540 2933 Elixiris
560 2891 670 2934 cadit
690 2897 811 2949 super
833 2894 944 2937 inille
962 2899 1119 2951 parteS.
1419 2899 1454 2954 ¹2².
