1846 3224
287 295 336 322 12
773 295 811 322 A.
845 293 1009 321 MOREL-
1019 292 1140 320 FATIO

228 386 399 414 nensem
431 373 473 413 in
499 374 567 425 jus
597 377 638 411 et
667 371 919 424 obsequium
950 370 1125 411 ditionis
1159 369 1364 412 Ecclesiae
1397 369 1686 412 Narbonensis

229 440 443 481 transiisse
463 455 511 480 ea
531 440 772 479 conditione
794 445 839 479 ut
859 451 1086 491 numquam
1104 437 1157 477 ab
1178 437 1293 477 illius
1314 437 1576 490 subjectione
1594 437 1685 478 ullo

231 514 355 559 pacto
388 508 525 546 ullave
558 505 718 546 ratione
750 505 941 545 recedere
974 509 1115 557 queat,
1150 502 1316 543 etiarnsi
1355 504 1685 545 Tarraconensis

232 573 555 625 metropolitana
575 571 768 612 Ecclesia
787 571 829 612 in
849 571 1071 624 pristinum
1094 569 1336 609 reformetur
1355 575 1528 617 statum,
1555 575 1596 610 et
1617 584 1683 611 ce-

231 645 318 678 tera
351 653 442 691 quae
475 639 533 678 ibi
563 642 778 690 sequntur,
812 651 904 689 quae
934 642 1038 689 puto
1066 636 1302 688 composita
1330 642 1372 677 et
1401 636 1556 678 inserta
1584 636 1685 677 huic

229 706 421 757 epistolae
442 705 569 744 fuisse
588 717 679 743 aevo
699 703 860 745 Urbani
883 705 938 750 ΙΙ,
957 717 1086 756 quum
1107 703 1288 743 maxime
1304 703 1502 755 agebatur
1521 703 1574 742 de
1593 716 1683 744 res-

231 770 418 810 tituenda
436 770 655 821 metropoli
678 770 996 810 Tarraconensi.
1030 771 1135 809 Haec
1161 769 1320 809 dudum
1342 769 1421 809 fuit
1441 771 1685 822 conjectura

233 851 339 876 mea.
362 839 514 876 Postea
534 850 633 876 vero
653 836 800 876 incidit
821 836 863 876 in
885 850 1034 876 manus
1056 850 1170 876 meas
1189 836 1403 888 exemplar
1421 834 1544 876 istius
1565 835 1683 888 epis-

232 903 328 942 tolae
349 903 458 954 quod
481 907 596 942 extat
617 902 659 942 in
682 901 811 942 veteri
836 901 984 942 codice
1010 902 1103 942 MS.
1136 901 1378 941 monasterii
1402 900 1684 942 Caduniensis

231 969 271 1008 in
303 968 553 1008 Petrocoriis
576 969 642 1016 (1),
667 968 710 1008 in
731 981 815 1021 quo
834 968 996 1020 integra
1017 968 1090 1007 illa
1109 968 1295 1008 clausula
1324 967 1442 1008 deest
1462 981 1586 1021 quam
1605 980 1684 1020 ego

229 1034 472 1087 suspicabar
484 1048 576 1075 esse
596 1035 891 1075 adulterinam.
911 1035 1037 1076 Unde
1052 1035 1322 1074 confirmatur
1336 1034 1575 1086 conjectura
1588 1046 1684 1074 mea

228 1106 270 1140 et
289 1100 444 1141 veritas
460 1101 652 1153 epistolae
671 1101 914 1143 adstruitur.

285 1169 425 1220 Quum
446 1168 626 1220 primum
649 1168 751 1208 mihi
778 1167 895 1208 licuit
925 1166 1039 1207 adire
1068 1166 1366 1207 bibliothecam
1395 1164 1559 1218 collegii
1587 1166 1679 1206 Na-

230 1234 380 1273 varrici
399 1234 442 1272 in
462 1246 552 1274 earn
575 1246 640 1273 me
668 1233 815 1274 abdidi
834 1239 875 1273 et
895 1232 1114 1284 diligenter
1142 1231 1285 1272 euolui
1313 1231 1481 1272 codices
1507 1245 1683 1273 manus-

229 1300 387 1351 criptos
416 1299 485 1352 qui
515 1299 603 1339 illic
633 1299 854 1347 habentur3
887 1298 994 1339 inter
1015 1312 1121 1352 quos
1139 1304 1302 1350 reperta
1322 1311 1405 1338 non
1426 1303 1488 1338 est
1507 1297 1684 1339 historia

231 1366 461 1418 Hispanica
491 1365 687 1406 Roderici
707 1365 1026 1418 Archiepiscopi
1058 1365 1270 1414 Toletani,
1293 1364 1483 1417 adeoque
1502 1377 1580 1404 nec
1599 1377 1679 1416 ap-

229 1433 388 1485 pendix
405 1433 475 1473 illa
491 1435 556 1486 cuj
563 1447 610 1473 us
624 1433 864 1485 exemplum
882 1433 1072 1484 petebas,
1096 1430 1467 1472 Excellentissimos
1482 1429 1681 1471 Domine.

230 1499 341 1539 Sane
371 1499 627 1539 bibliotheca
656 1499 728 1538 illa
759 1499 892 1538 multo
923 1499 1064 1550 plures
1085 1498 1186 1538 olim
1206 1503 1368 1538 veteres
1387 1497 1517 1538 libros
1535 1497 1683 1540 habuit

231 1579 354 1617 quam
388 1579 497 1605 nunc
528 1565 670 1605 habet.
707 1564 856 1605 Multis
891 1563 1001 1604 enim
1037 1564 1206 1604 casibus
1233 1564 1442 1604 interdum
1469 1563 1680 1617 exposita,

230 1632 462 1685 frequenter
482 1631 707 1684 compilata
727 1637 805 1671 est.
829 1633 975 1684 Itaque
995 1630 1147 1671 mirum
1169 1644 1253 1671 non
1269 1636 1331 1671 est
1351 1630 1466 1672 istud
1482 1631 1683 1672 Roderici

230 1712 338 1750 opus
366 1699 587 1738 evanuisse
609 1711 662 1738 ex
681 1711 731 1737 eo
754 1699 847 1738 loco
870 1697 936 1744 (2).
962 1697 1007 1738 Si
1027 1698 1180 1750 poterit
1200 1698 1287 1738 ullo
1308 1698 1434 1739 modo
1453 1697 1551 1738 sciri
1571 1711 1683 1751 quo-

230 1777 324 1804 nam
344 1763 506 1811 abierit,
530 1764 712 1804 efficiam
735 1764 924 1816 profecto
954 1770 1000 1803 ut
1029 1763 1118 1804 voti
1148 1764 1211 1804 tui
1240 1777 1415 1817 compos
1431 1765 1522 1812 fias;
1546 1769 1594 1805 ut
1611 1764 1682 1805 vel

233 1829 330 1870 hinc
351 1843 575 1882 agnoscere
594 1830 734 1884 possis
753 1843 846 1883 quae
867 1830 924 1870 sit
943 1831 1179 1870 reverentia
1198 1830 1243 1870 in
1263 1836 1305 1871 te
1325 1844 1433 1871 mea.

286 1896 480 1936 Ceterum
511 1896 763 1937 necessitate
780 1896 926 1948 adigor
946 1897 1058 1949 apud
1080 1902 1122 1937 te
1143 1896 1342 1950 conqueri
1361 1898 1414 1938 de
1431 1896 1683 1939 infelicitate

233 1977 322 2003 mea
343 1969 380 2002 et
401 1964 453 2002 de
474 1964 729 2017 negligentia
750 1963 969 2004 Anissonii
991 1963 1234 2016 bibliopolae
1254 1963 1567 2016 Lugdunensis,
1590 1969 1636 2006 ut
1655 1977 1683 2005 a

233 2041 298 2068 me
318 2031 515 2081 repellam
535 2032 687 2070 malam
715 2029 958 2082 opinionem
985 2044 1111 2083 quarn
1140 2030 1192 2070 de
1219 2043 1286 2070 me
1310 2029 1532 2082 concipere
1558 2028 1682 2071 facile

232 2108 391 2147 posses,
423 2096 485 2135 vir
514 2097 689 2148 optime.
723 2096 920 2137 Miseram
945 2097 998 2136 ad
1018 2111 1128 2144 eum,
1152 2096 1213 2137 uti
1243 2097 1296 2137 ad
1326 2102 1368 2136 te
1397 2102 1486 2137 tum
1515 2096 1681 2150 scripsi,

234 2160 396 2213 aliquos
415 2176 467 2203 ex
487 2162 606 2204 libris
626 2178 650 2203 a
668 2177 735 2204 me
755 2163 895 2211 editis,
918 2177 1023 2216 quos
1043 2163 1329 2204 intellexeram
1358 2176 1443 2204 non
1467 2167 1611 2204 extare
1638 2161 1683 2203 in

232 2226 487 2268 bibliotheca
505 2236 574 2270 tua
590 2237 629 2270 et
650 2231 686 2270 is
706 2230 750 2270 in
770 2243 814 2270 se
835 2236 1047 2283 receperat
1061 2243 1201 2270 curam
1215 2244 1288 2271 eos
1307 2229 1503 2271 mittendi
1523 2229 1564 2270 in
1579 2229 1683 2270 His-

232 2292 412 2344 paniam.
436 2295 629 2348 Denique
646 2302 743 2338 ante
761 2297 839 2337 hos
854 2296 959 2346 dies,
976 2311 1104 2349 quum
1123 2297 1246 2338 frater
1267 2310 1398 2345 meus,
1422 2295 1495 2350 qui
1510 2300 1684 2349 propter

232 2359 396 2410 negotia
411 2363 599 2412 quaedam
622 2363 703 2403 sibi
723 2363 974 2404 demandata
989 2377 1012 2403 a
1033 2365 1148 2415 Rege
1168 2363 1365 2416 Lugduni
1385 2374 1680 2413 commoratur,

231 2426 284 2465 ad
305 2426 416 2466 aedes
436 2428 635 2469 Anissoni
665 2429 904 2470 divertisset
933 2429 971 2469 ei
1000 2431 1371 2471 commendaturus
1399 2429 1527 2471 libros
1556 2442 1684 2482 quos-

231 2492 328 2531 dam
359 2506 464 2545 quos
492 2494 535 2533 in
567 2496 730 2536 Italiam
759 2495 899 2545 mitto,
923 2496 1034 2548 apud
1054 2509 1149 2535 eum
1171 2495 1333 2537 invenit
1359 2509 1497 2537 arcam
1525 2495 1571 2537 in
1600 2508 1684 2549 qua

230 2555 328 2597 libri
347 2559 399 2598 ad
420 2565 459 2598 te
479 2559 668 2600 mittendi
689 2566 806 2601 erant
825 2560 994 2601 inclusi.
1024 2562 1082 2601 Et
1103 2575 1232 2615 quum
1252 2562 1375 2603 frater
1394 2573 1514 2602 meus
1532 2560 1586 2601 de
1603 2561 1683 2602 hac

282 2726 335 2772 (1)
388 2726 588 2775 Cadouin‚
612 2729 854 2766 Monasterio
881 2729 1128 2766 cisterciense
1147 2730 1249 2767 dela
1270 2729 1474 2778 provincia
1499 2729 1549 2767 de
1575 2729 1684 2766 Peri·

230 2784 344 2832 gord‚
365 2784 544 2823 fundado
564 2799 613 2823 en
633 2789 667 2823 el
689 2789 786 2836 siglo
808 2801 872 2825 xu.

283 2845 336 2892 (2)
387 2846 447 2882 No
467 2847 506 2882 se
525 2858 596 2894 por
615 2849 692 2895 que
714 2861 766 2884 no
786 2851 980 2888 encontro
999 2850 1142 2886 Baluze
1161 2850 1197 2886 el
1217 2850 1270 2886 tal
1285 2850 1422 2887 codice
1435 2862 1487 2887 en
1504 2850 1539 2888 el
1558 2849 1684 2888 Cole-

230 2905 296 2953 gio
314 2906 362 2942 de
381 2906 566 2953 Navarra,
588 2918 730 2954 puesto
745 2922 821 2957 que
838 2923 890 2946 no
906 2911 1023 2947 habia
1037 2910 1329 2958 desaparecido,
1349 2923 1375 2959 y
1393 2910 1514 2948 existe
1533 2910 1615 2958 hoy
1632 2922 1684 2947 en

231 2965 269 3000 la
287 2965 500 3002 Biblioteca
531 2967 593 3003 del
613 2968 778 3004 Arsenal
801 2981 876 3005 con
897 2970 931 3006 la
952 2970 1154 3017 signatura
1178 2971 1262 3018 982.
1284 2972 1378 3007 Esta
1395 2970 1686 3008 continuacion

231 3025 281 3062 de
301 3025 338 3062 la
356 3026 449 3062 obra
470 3026 518 3063 de
538 3027 714 3074 Rodrigo
736 3041 808 3075 por
834 3030 940 3066 Jofre'
967 3030 1014 3066 de
1034 3030 1184 3078 Loaysa
1205 3030 1240 3066 la
1260 3030 1461 3078 publicare
1480 3041 1530 3068 en
1548 3030 1686 3068 breve.
