1786 3198
263 238 343 278 394
729 234 901 262 Epulum
930 235 1135 263 nonnum

273 317 330 358 In
352 316 492 357 dorso.-
517 314 572 357 Al
603 326 709 368 muy
731 322 891 368 mag.co
913 318 1046 357 sefior
1080 314 1120 356 el
1153 317 1287 357 senor
1317 313 1588 357 embaxador
1617 314 1672 358 de

216 388 401 433 Polonia
423 386 504 430 (ἵζε.
531 400 584 428 en
612 382 663 434 (1)
689 386 878 429 Duefias
899 386 1007 429 eabe
1029 386 1143 429 Sant
1164 386 1403 442 Augustin.

270 460 375 503 Alia
396 473 546 502 manu:
567 459 673 510 Dat,
692 458 910 502 Palentiae
929 471 951 502 1
971 459 1175 516 Octobr.‚
1201 460 1296 502 eod.
1315 459 1386 502 die
1402 459 1493 503 red.
1515 458 1560 502 in
1580 459 1673 501 Do·

208 537 290 576 fias
313 529 383 578 (2).

274 713 321 755 S.
359 727 404 768 p.
473 712 700 755 Dederam
737 713 795 756 ad
832 719 876 756 te
908 713 1080 756 litteras
1113 714 1191 757 uni
1229 713 1526 769 Aragonensi‚
1567 726 1672 756 cum

217 786 436 829 Britonus
453 791 559 828 tuus
582 791 685 828 tuas
707 787 763 829 ad
787 801 859 829 me
882 787 1048 830 attulit.
1068 787 1233 830 Vidisti
1255 787 1446 829 arbitror
1466 801 1520 829 ex
1543 785 1672 829 meis.

215 858 547 903 Cancellarium
569 873 667 901 cras
684 865 921 903 venturum
939 861 1167 902 Arandam
1187 866 1320 915 atque
1338 859 1407 902 die
1424 858 1596 902 sabbati
1619 857 1676 901 ad

214 945 314 983 nos,
343 945 431 986 quo
455 930 611 973 itinere
630 937 749 974 certe
767 931 940 987 ignoro,
962 932 1024 974 ait
1047 938 1243 974 metator
1260 931 1558 987 hospitiorum
1580 929 1678 973 sive

215 1011 263 1047 ut
291 1004 363 1046 isti
387 1009 548 1046 vocant
569 1003 779 1046 furrerius
802 1004 877 1059 qui
902 1004 1170 1047 Cancellarii
1193 1004 1369 1046 litteras
1391 1002 1543 1046 attulit
1564 1016 1675 1045 ven·
1696 1057 1702 1069 ι

216 1082 369 1119 turum
394 1082 516 1133 recto
541 1076 711 1121 itinere.
735 1076 783 1120 Si
801 1090 880 1134 per
898 1077 1230 1120 Germanorum
1253 1076 1512 1120 tarditatem
1528 1076 1678 1119 licuis-

216 1155 302 1200 set,
328 1163 451 1191 eram
475 1148 559 1191 hac
583 1156 716 1192 nocte
739 1149 858 1204 apud
879 1155 923 1192 te
946 1149 1137 1202 futurus,
1164 1156 1316 1192 tamen
1337 1150 1457 1192 haud
1478 1148 1574 1192 fieri
1596 1162 1677 1204 po-

217 1221 303 1264 tuit
327 1228 376 1263 ut
400 1235 471 1263 me
494 1220 627 1264 hodie
651 1222 706 1264 ab
729 1221 800 1264 his
823 1222 1016 1278 negotiis
1039 1223 1333 1266 absolverem.
1362 1223 1474 1266 Cras
1496 1235 1680 1264 summo

218 1308 352 1336 mane
376 1309 505 1350 spero
530 1309 602 1337 me
625 1294 943 1346 discessurum,
973 1295 1271 1350 arripiamque
1298 1295 1383 1338 iter
1410 1309 1489 1350 per
1516 1294 1680 1350 oppida

218 1381 408 1421 quorum
446 1368 701 1422 catalogum
733 1367 829 1423 jam
862 1369 1058 1411 secundo
1093 1369 1149 1411 ad
1180 1374 1224 1410 te
1258 1368 1408 1412 mitto.
1439 1367 1614 1425 Quodsi
1634 1372 1680 1410 te

216 1453 305 1482 non
327 1453 579 1482 convenero
597 1441 644 1482 in
661 1440 832 1492 itinere,
854 1441 1118 1483 conveniam
1138 1442 1286 1484 saltim
1306 1440 1378 1484 die
1396 1440 1583 1484 sabbati.
1603 1440 1682 1482 In-

217 1517 339 1554 terea
362 1512 461 1554 vale
484 1511 740 1555 felicissirne
763 1527 864 1555 curn
889 1512 978 1555 tuis
1001 1505 1161 1567 puteis.

279 1585 497 1627 Palantiae
521 1585 666 1640 primo
689 1585 896 1628 Octobris
916 1587 1053 1629 1527.
1079 1585 1209 1628 Nosti
1239 1591 1366 1628 tuum
1393 1584 1676 1628 Valdesium.

279 1657 489 1713 Sigillum
511 1672 671 1700 cereum
695 1663 722 1709 (
723 1672 892 1714 gemma
913 1658 1140 1714 antiquaP)

280 1731 335 1772 In
369 1730 508 1773 dorso.-
545 1730 807 1773 Clarissimo
840 1730 935 1773 viro
970 1731 1073 1773 Dno
1100 1731 1264 1789 Joanni
1295 1730 1513 1774 Dantisco
1542 1729 1684 1773 Ser.mi

219 1802 358 1857 Regis
380 1803 580 1846 Poloniae
603 1803 684 1848 ἄιε.

281 1875 386 1919 Alia
407 1891 557 1919 manu.-
587 1878 694 1920 Dat.
723 1875 940 1921 Palentiae
965 1889 987 1919 1
1013 1876 1133 1933 Oct„
1159 1877 1317 1919 eodem
1339 1876 1410 1919 die
1431 1875 1612 1919 redditae
1635 1873 1681 1918 in

219 1949 376 1992 Dorias
401 1946 470 1996 (3).

281 2133 330 2175 S.
356 2147 400 2187 p.
469 2132 737 2176 Dormiebat
762 2132 1067 2176 Cancellarius
1099 2146 1204 2175 cum
1233 2131 1416 2174 redditae
1445 2129 1558 2172 mihi
1580 2133 1686 2172 sunt

223 2204 382 2247 litterae
406 2210 511 2258 tuae,
534 2206 590 2248 ad
613 2219 725 2260 quas
755 2211 806 2248 ut
834 2205 988 2261 paucis
1016 2203 1311 2260 respondeam
1345 2203 1429 2246 fuit
1455 2201 1567 2245 mihi
1602 2201 1683 2244 ad-

218 2278 417 2320 modum
442 2279 684 2321 molestum
708 2278 784 2321 ubi
806 2283 850 2321 te
873 2278 918 2321 in
942 2278 1286 2321 Turrecremata
1309 2275 1528 2319 mansisse
1551 2275 1687 2318 intel-

226 2351 329 2395 lexi.
354 2351 473 2393 Nam
497 2357 546 2394 ut
576 2351 657 2394 tibi
687 2351 970 2394 commodius
1002 2350 1248 2406 hospitium
1284 2363 1380 2392 esse
1413 2353 1580 2405 posset,
1617 2361 1690 2391 res

230 2436 355 2465 meas
377 2438 536 2466 omnes
559 2425 615 2466 ad
638 2424 968 2467 Cancellarium
998 2429 1304 2478 transportare
1332 2422 1539 2473 feceram,
1565 2433 1690 2463 nunc

227 2501 379 2538 autem
401 2496 531 2539 video
553 2501 597 2539 te
620 2497 676 2540 ad
696 2502 821 2539 tuam
847 2495 1137 2552 piscationem
1169 2508 1395 2538 reversum
1420 2507 1533 2538 esse.
1562 2492 1690 2536 Can-

232 2568 437 2610 cellarius
460 2569 654 2612 decrevit
670 2570 741 2612 vel
759 2569 828 2611 die
848 2567 1055 2611 Mercurii
1074 2582 1101 2611 a
1117 2566 1304 2624 prandio
1320 2568 1390 2610 vel
1407 2565 1549 2625 jovis,
1568 2578 1691 2608 sum-

286 2756 338 2805 (1)
393 2759 474 2806 Qui
486 2760 703 2809 descripsit
719 2761 878 2799 videtur
890 2761 1098 2799 dubitasse
1111 2767 1244 2797 utrum
1259 2771 1285 2795 n
1300 2759 1494 2808 scriptum
1504 2757 1558 2795 sit
1570 2768 1624 2794 an
1638 2763 1690 2795 et.

284 2818 335 2867 (2)
388 2821 688 2869 Apographum
707 2822 847 2859 Sofias.
870 2821 1033 2871 Scripsi
1048 2821 1182 2858 Dofias
1200 2821 1302 2870 quod
1323 2820 1427 2857 idem
1445 2825 1503 2856 est
1520 2829 1571 2855 ac
1583 2817 1694 2854 Due-

237 2877 323 2915 fias.
343 2878 412 2915 Ibi
431 2887 513 2915 tum
533 2892 619 2926 pars
638 2881 771 2917 curiae.
795 2882 894 2918 Acta
913 2881 1071 2919 Tomic.
1090 2881 1158 2927 IX,
1173 2892 1218 2930 p.
1241 2890 1322 2928 331.

283 2936 335 2986 (3)
388 2940 685 2988 Apographum
705 2942 875 2978 Sonnas.
