1846 3224
505 274 668 304 cARTAs
697 275 754 303 mi
785 264 1004 309 mouneJAn
1038 276 1063 303 Y
1093 276 1252 304 BALuze
1503 275 1551 303 21

149 357 206 400 de
222 355 353 398 de.
384 354 399 395 i
428 354 511 396 assi
539 368 606 395 me
631 354 675 394 lo
692 352 858 394 auisara
877 366 976 405 para
995 367 1075 406 que
1095 368 1150 406 yo
1168 367 1213 395 se
1235 355 1278 394 lo
1296 354 1473 408 busque,
1496 369 1610 396 auu-

148 435 234 478 que
252 435 309 463 no
327 435 373 463 se
391 421 506 462 halla
524 433 606 461 con
625 419 822 461 facilidad
852 419 895 459 ni
924 433 970 459 se
996 433 1076 471 aya
1105 427 1220 461 entre
1247 421 1310 461 las
1338 420 1529 462 librerias
1556 422 1611 463 de

149 489 318 532 madrid
338 501 428 529 mas
447 501 528 541 que
547 487 587 527 el
607 498 689 539 que
707 499 763 538 yo
782 491 924 530 teneo.

203 554 403 600 Auiseme
415 552 602 594 deasi
617 559 671 592 en
687 556 802 592 estos
821 556 925 591 anos
942 564 988 591 se
1006 551 1089 592 han
1110 553 1292 606 impreso
1306 567 1359 594 en
1377 567 1475 594 essa
1487 560 1604 594 corte

146 622 323 674 algunos
343 625 640 661 monumentos
660 618 855 671 antiguos
881 617 894 657 i
922 618 957 658 si
986 619 1167 670 llegaron
1197 624 1220 660 ἐι
1250 634 1322 661 sus
1351 634 1497 661 manos
1525 620 1607 662 mis

148 687 294 734 libros.
321 687 335 727 i
361 700 414 727 en
443 688 524 739 que
557 687 596 725 le
631 684 771 737 puedo
790 683 936 732 seruit,
967 697 1049 737 que
1069 685 1110 724 lo
1129 685 1227 725 hare
1246 699 1325 726 con
1352 699 1453 738 muy
1467 686 1607 727 buena

148 753 506 796 voluntad.-G.e
527 753 598 792 D.s
617 754 642 791 ὁ.
655 750 784 791 de.
804 763 927 790 como
941 751 1082 790 deseo.
1102 751 1265 791 Madrid
1284 765 1334 804 14
1347 752 1401 792 de
1416 751 1613 793 Settiem-

146 820 225 863 bre
242 821 298 863 de
320 819 630 862 1680.—-Ser.⁰¹·
650 818 703 858 de
719 817 962 857 de.—El
979 817 1030 856 M
1029 830 1163 869 arquos
1178 818 1221 857 dc
1239 818 1470 867 Mondexm‘,
1493 818 1605 859 Con-

94 900 99 904 ·
146 888 197 930 de
212 888 259 928 da
280 887 478 929 deilta.

203 1019 426 1076 (Original.
458 1019 573 1061 Bibl.
606 1015 814 1058 Nacional
842 1014 895 1055 de
922 1016 1054 1065 Paris,
1079 1019 1215 1060 Nouv.
1235 1032 1315 1071 acq.
1338 1018 1431 1066 lat„
1456 1029 1599 1072 ²·337·

146 1088 224 1131 fol.
245 1086 333 1142 93.)

793 1320 966 1393 VIII

0 1520 2 1523 ’
76 1542 82 1551 ”
149 1521 494 1573 Illustrissimo
508 1529 554 1573 et
571 1524 974 1575 excellentissimo
994 1520 1204 1572 Domino
1224 1516 1438 1583 Gaspari
1455 1516 1606 1566 Men-

217 1599 349 1650 dozoe
371 1602 642 1652 marchioni
665 1604 723 1653 de
748 1604 809 1653 M
810 1602 1042 1659 ondexar,
1073 1596 1236 1648 comiti
1261 1596 1320 1645 de
1347 1593 1596 1653 Tendilla,

216 1677 488 1744 Stephanus
512 1681 751 1731 Balucius
779 1677 1073 1730 TutelensiS.
1103 1678 1160 1726 S.
1189 1676 1250 1724 P.
1281 1675 1350 1724 D.

203 1884 384 1926 Multum
402 1884 540 1934 doleo,
562 1886 933 1928 Excellentissime
953 1883 1151 1931 Domine,
1174 1895 1258 1924 non
1288 1880 1533 1934 pervenisse
1551 1880 1597 1922 in

147 1962 299 1991 manus
315 1963 431 1991 meas
451 1957 706 2004 postremum
725 1953 940 1993 literarum
967 1950 1215 1992 fasciculum
1235 1961 1338 2001 quas
1357 1947 1411 1988 ad
1433 1961 1500 1988 me
1518 1947 1597 1989 de·

147 2015 261 2065 disti,
277 2017 477 2059 amissum
491 2018 603 2059 haud
617 2019 762 2067 dubie,
779 2019 878 2072 quia
891 2019 936 2060 in
950 2018 1135 2060 Galliam
1150 2016 1313 2055 delatus
1328 2019 1392 2054 est
1414 2028 1464 2055 eo
1482 2022 1594 2056 tem·

147 2095 250 2137 pore
277 2096 362 2137 quo
389 2097 462 2125 rex
491 2090 632 2125 noster
660 2086 703 2126 in
734 2086 882 2138 Belgio
910 2083 1165 2125 constitutus
1193 2088 1296 2122 erat.
1327 2083 1466 2134 Atque
1494 2081 1595 2122 hinc

146 2148 268 2191 vides
272 2150 289 2202 j
295 2149 547 2191 ustissimam
560 2165 653 2192 esse
664 2150 946 2192 excusationis
959 2164 1064 2190 meae
1074 2162 1243 2190 causam
1257 2147 1371 2202 quod
1384 2147 1440 2187 ad
1455 2146 1596 2188 literas
1613 2151 1616 2154 “

146 2214 243 2256 illas
270 2221 364 2256 tuas
391 2229 476 2257 non
495 2217 709 2270 respondi.
730 2219 857 2259 Nunc
876 2223 1015 2258 tamen
1037 2215 1181 2268 accepi
1211 2227 1282 2254 eas
1311 2214 1422 2268 quad
1450 2214 1505 2255 ad
1528 2227 1594 2255 me

148 2281 350 2334 scripsisti
371 2283 439 2323 die
458 2296 531 2323 xiv
550 2283 707 2325 mensis
736 2283 1010 2336 Septembris,
1042 2283 1084 2322 in
1115 2281 1267 2334 quibus
1296 2294 1321 2320 a
1348 2293 1415 2321 me
1443 2279 1597 2320 certior

147 2347 238 2388 fieri
256 2347 379 2402 cupis
399 2362 454 2388 an
473 2349 576 2389 mihi
595 2350 758 2391 reddita
777 2350 930 2390 fuerint
949 2350 1034 2389 duo
1064 2347 1278 2388 volumina
1306 2346 1595 2388 Conciliorum

149 2425 244 2466 quae
262 2405 446 2455 Domino
466 2416 630 2457 Pelloto
645 2417 799 2458 dedisti
814 2418 868 2457 ad
885 2430 950 2457 me
966 2415 1170 2456 mittenda
1183 2428 1280 2455 cum
1295 2413 1442 2455 codice
1458 2413 1598 2454 Cons-

149 2478 392 2520 titutionum
412 2480 805 2525 Tarraconensium.
829 2484 974 2535 Nuper
994 2480 1303 2522 illustrissimus
1327 2480 1421 2532 ejus
1450 2492 1602 2532 parens

150 2559 218 2588 me
234 2546 395 2586 monuit
413 2547 542 2587 libros
561 2546 657 2587 illos
676 2561 722 2588 se
741 2548 847 2588 scire
866 2547 1109 2601 pervenisse
1130 2546 1381 2587 Bilbaonem
1401 2546 1593 2597 adeoque

145 2613 456 2666 quamprimum
475 2614 556 2654 huc
575 2614 842 2657 adventuros.
867 2613 1118 2655 Iamdudum
1137 2626 1236 2653 vero
1266 2613 1413 2665 accepi
1442 2612 1598 2652 librum

146 2678 283 2719 Blasii
301 2679 450 2719 Ortizii
469 2680 524 2719 de
542 2679 822 2731 descriptione
840 2679 1030 2720 ecclesiae
1048 2670 1401 2732 toletanaefquem
1416 2677 1600 2719 sciebam

130 2738 242 2786 'aese
258 2744 530 2792 rarissimum,
552 2747 628 2786 sed
649 2747 769 2799 cujus
787 2753 939 2787 tamem
959 2745 1119 2797 aliquot
1139 2745 1393 2798 exemplaria
1407 2744 1595 2785 videram

149 2809 195 2850 in
211 2809 290 2850 hac
309 2810 426 2858 urbe,
447 2824 544 2851 cum
564 2811 734 2852 unicum
753 2811 876 2852 isthic
896 2818 1030 2851 estare
1059 2811 1247 2852 noverim
1274 2811 1491 2864 exemplar
1521 2810 1597 2850 Iti—

147 2874 296 2916 nerarii
314 2876 519 2917 Hadriani
538 2891 657 2930 papae
677 2877 809 2918 Sexti.
836 2878 917 2917 Pro
936 2877 1015 2917 hoc
1038 2890 1207 2918 munere
1235 2878 1313 2917 tibi
1342 2877 1493 2930 gratias
1513 2887 1592 2928 ago

150 2954 255 2994 quas
267 2941 417 2993 debeo,
432 2944 797 2984 Excellentissime
811 2943 1007 2994 Domine,
1025 2957 1075 2984 ac
1090 2956 1166 2996 pro
1179 2943 1390 2984 continuis
1403 2942 1487 2983 illis
1499 2956 1594 2995 quae

152 3005 198 3047 in
217 3020 284 3047 me
301 3008 463 3049 confers
480 3009 783 3050 benevolentiae
801 3015 883 3050 tuae
903 3009 1151 3051 testimoniis
1172 3023 1219 3051 ac
1240 3008 1472 3050 beneficiis.
