1786 3198
142 456 407 554 Mnus!
472 458 746 550 mom!
815 461 1107 554 [ΙΠΕΒΑῧ
1172 466 1257 558 xl
1312 465 1592 560 ΙΝΕΠΙῙΑὸ

299 675 762 722 MARCELLINO
772 710 784 729 ,
826 679 1020 725 Immo
1059 681 1434 729 MARCELLO

231 871 303 906 DE
326 871 608 905 VICENNALI
618 872 711 905 BUS
735 873 1030 908 CATHEDRAE
1055 877 1505 913 GRATULABUNDUS

434 998 600 1032 TRANS
635 999 870 1034 PARTIUM
907 1002 1055 1035 FINES
1092 1004 1294 1038 OFFERT

182 1125 219 1160 E
252 1124 418 1159 CLARA
454 1125 622 1159 VALLE
660 1126 946 1160 GERMANIAE
983 1129 1257 1164 EDUARDUS
1293 1132 1550 1166 BOEHMER

202 1310 411 1368 Epistola
434 1310 668 1354 Genevam
693 1312 835 1354 missa
858 1312 1020 1356 ibidem
1046 1315 1154 1357 mihi
1178 1316 1396 1371 descripta
1417 1323 1502 1369 est,
1523 1331 1592 1361 ce-

133 1388 253 1427 teras
275 1397 434 1427 omnes
456 1383 596 1427 debeo
620 1384 779 1427 Ottoni
803 1386 974 1438 Waltz,
1003 1387 1048 1429 in
1070 1388 1337 1443 Dorpatensi
1357 1390 1590 1433 Universi-

135 1460 231 1500 tate
252 1456 515 1507 Professori,
541 1456 616 1511 qui
642 1458 922 1512 apographa,
949 1473 1046 1513 quae
1070 1467 1174 1502 ante
1198 1462 1364 1503 multos
1381 1476 1521 1504 annos
1540 1477 1593 1506 ex

107 1561 112 1564 -
137 1529 321 1572 Prussia
343 1534 386 1584 et
407 1529 572 1572 Suecia
594 1529 677 1571 sibi
707 1538 1062 1584 comparaverat,
1089 1533 1328 1575 liberaliter
1356 1533 1465 1576 mihi
1489 1548 1590 1577 con-

135 1601 271 1646 cessit
287 1602 475 1645 edenda.
497 1602 748 1645 Servantur
770 1603 891 1644 enim
923 1605 1303 1659 autographorum
1333 1606 1526 1660 plurima
1549 1607 1593 1649 in

136 1673 319 1719 archivo
344 1674 589 1730 episcopali
613 1675 1021 1730 Frauenburgensi,
1043 1677 1129 1718 tria
1148 1677 1370 1730 (Gandavi
1394 1691 1452 1733 30
1476 1679 1592 1721 Mar-

133 1746 188 1791 tii
213 1745 348 1803 1531,
374 1747 641 1802 Ratisponae
665 1749 709 1790 3.
736 1753 782 1789 et
805 1748 876 1790 II.
901 1749 1024 1803 Sept.
1053 1748 1165 1793 1532
1200 1750 1319 1803 data)
1350 1750 1395 1792 in
1427 1750 1587 1793 biblio-

133 1818 267 1862 theca
287 1819 608 1864 Universitatis
631 1820 915 1874 Upsalensis.
945 1821 1170 1876 Rescripsi
1194 1822 1360 1872 omnia,
1389 1822 1432 1865 in
1459 1823 1589 1866 Lati-

133 1891 206 1934 nis
236 1891 606 1947 orthographiam
641 1892 970 1936 inconstantem
1004 1900 1048 1936 et
1081 1894 1303 1936 interdum
1335 1895 1587 1949 neglectam

134 1963 192 2008 ad
214 1964 402 2007 meliora
423 1963 718 2014 conformavi,
747 1964 1032 2020 distinguens
1067 1967 1200 2008 etiam
1237 1966 1353 2008 inter
1383 1967 1400 2008 i
1427 1972 1471 2008 et
1492 1966 1534 2021 j,
1560 1982 1590 2009 u

133 2041 178 2080 et
208 2051 246 2089 v,
279 2036 397 2080 sicut
429 2051 550 2079 nunc
583 2050 668 2078 usu
703 2037 844 2088 venit,·
881 2037 1144 2093 sejungendi
1180 2039 1309 2093 signa
1341 2039 1588 2093 interposui

104 2158 108 2168 Ι
133 2109 353 2152 arbitratu
375 2122 493 2152 meo.
519 2109 745 2166 Quattuor
766 2109 980 2164 epistolas
1002 2111 1193 2154 Caesaris
1218 2111 1428 2153 mandato
1450 2110 1589 2165 scrip-

131 2186 203 2243 tas
231 2187 478 2237 sequuntur
514 2182 722 2236 privatim
761 2182 819 2224 ad
851 2183 1077 2239 Joannem
1112 2183 1379 2225 Dantiscum
1416 2183 1581 2234 missae,

131 2267 259 2310 quas,
284 2255 434 2310 quoad
465 2253 562 2309 ejus
583 2254 681 2296 fieri
711 2254 872 2309 potuit,
907 2255 950 2297 in
985 2256 1181 2297 ordinem
1211 2255 1435 2310 quendam
1456 2255 1583 2298 chro-

132 2325 392 2381 nologicum
413 2326 581 2381 redegi.
607 2326 794 2370 Litteris
815 2327 1098 2381 numerisque
1131 2327 1354 2369 inclinatis
1376 2340 1586 2381 expressa

131 2404 239 2442 sunt
260 2412 359 2453 quae
381 2413 408 2442 a
429 2399 624 2442 librariis
647 2399 819 2453 adjecta
840 2399 990 2441 inveni
1015 2400 1095 2451 (In
1127 2399 1261 2450 dorso,
1298 2399 1403 2441 Alia
1434 2412 1577 2450 manu,

130 2470 381 2528 Sigillum),
407 2477 452 2514 et
473 2486 573 2527 quae
595 2472 691 2526 ipse
713 2470 943 2520 adnotavi,
970 2471 1015 2513 in
1038 2471 1197 2526 quibus
1221 2485 1439 2513 annorum
1466 2471 1584 2514 indi-

128 2543 355 2586 cationem
379 2557 497 2599 saepe
519 2545 817 2587 desideratam
854 2543 1089 2597 aliquoties
1110 2558 1132 2585 e
1158 2543 1343 2586 Waltzii
1366 2542 1485 2585 notis
1507 2557 1580 2585 re-

128 2615 244 2671 oepi;
267 2614 386 2658 idem
414 2618 555 2659 semel
583 2622 627 2658 et
656 2616 815 2659 Lanzii
852 2615 1164 2658 collectionem
1199 2621 1243 2658 et
1274 2618 1394 2658 Acta
1415 2614 1579 2657 Tomi-

129 2687 262 2731 ciana
283 2694 327 2730 et
350 2688 642 2743 Conquenses
663 2689 859 2731 illustres
883 2687 1115 2730 citaverat.

192 2760 384 2803 Restant
419 2774 474 2803 ex
510 2760 826 2815 manuscriptis
870 2758 1344 2813 Frauenburgensibus
1377 2758 1577 2813 epistolae

126 2831 299 2876 Alfonsi
324 2833 522 2876 Valdesii
544 2834 658 2876 XIX
682 2834 737 2876 ad
758 2831 947 2875 eundem
976 2830 1242 2873 Dantiscum
1268 2830 1447 2886 scriptae
1474 2844 1574 2884 quae

127 2910 308 2960 propter
328 2905 545 2960 temporis
566 2904 798 2960 angustias
820 2917 940 2946 nunc
962 2902 1231 2958 seponendae
1253 2908 1376 2946 sunt.

1287 2981 1332 3018 25
