1786 3198
485 255 489 258 “
521 264 574 291 m,
602 264 802 292 DERECHO
831 266 885 292 EN
915 265 970 293 Et.
997 264 1139 292 vomu
1168 265 1252 292 nm.
1280 263 1354 291 cu)
1526 262 1607 303 547

270 342 539 398 Dependian
568 343 636 399 los
667 344 942 386 Infanzones
973 345 1294 386 directamente
1328 344 1399 386 del
1429 343 1542 399 Rey.
1577 343 1666 386 Sus

152 443 156 446 -
179 406 660 472 '‘casasy'fiei‘edades,
677 429 777 469 que,
795 430 925 458 como
942 430 1018 457 sus
1035 429 1258 470 personas,
1278 415 1464 458 estaban
1482 422 1665 458 exentas

206 487 263 530 de
285 488 330 530 la
347 486 638 542 jurisdiceion
662 488 856 530 sefiorial
881 486 949 537 (Ι),
978 502 1036 530 no
1060 489 1224 543 podian
1248 502 1319 530 ser
1337 488 1569 530 allanadas
1592 485 1660 534 (2).

207 561 280 604 La
300 573 419 616 pena
435 559 695 614 pecuniaria
714 574 793 615 por
816 561 856 602 el
880 560 1124 602 homicidio
1146 561 1214 602 del
1239 561 1449 602 infanzon
1473 574 1550 602 era
1575 560 1664 604 500

205 633 392 676 sueldos
415 630 486 685 (3),
514 632 731 674 mientras
762 634 806 675 la
826 633 984 675 debida
1007 647 1088 689 por
1116 635 1155 675 el
1177 634 1247 675 del
1271 634 1439 675 villano
1464 647 1543 674 era
1566 633 1663 675 solo

206 798 362 836 eorum,
384 801 476 826 cum
497 800 567 825 sua
587 788 715 825 nobili
734 787 871 824 militia
896 788 1034 835 parati,
1054 789 1237 826 venirent
1254 789 1303 825 ad
1322 790 1470 838 regales
1489 789 1662 837 nuptias,

207 847 337 885 missis
352 849 433 886 suis
459 849 609 898 legatis,
635 848 858 896 praecepit.»
880 848 1055 894 (Chr-on.
1076 850 1220 898 Ades„
1244 851 1300 897 36,
1321 862 1370 886 en
1390 851 1492 899 Esp.
1512 851 1661 898 Sagr.‚

206 908 317 952 XVI,
338 909 428 957 pag.
448 910 494 956 '53
514 910 562 946 de
579 910 639 946 los
659 908 916 956 Apendices.)

257 968 338 1006 Los
356 969 508 1007 milites
527 969 681 1006 nobiles
697 968 849 1005 citados
867 981 916 1005 en
936 970 1017 1006 este
1037 983 1060 1018 y
1078 979 1186 1007 otros
1204 979 1346 1015 textos,
1367 982 1421 1006 no
1440 981 1532 1006 eran
1552 978 1662 1007 otros

207 1042 288 1080 que
307 1030 368 1067 los
385 1030 632 1067 infanzones.
655 1030 704 1066 A.
731 1040 833 1077 1093:
868 1030 1033 1066 «Milites
1060 1042 1141 1066 non
1169 1031 1316 1066 infimis
1343 1030 1572 1077 parentibus
1598 1042 1663 1066 or-

206 1099 284 1137 toS,
303 1090 371 1127 sed
389 1090 545 1127 nobiles
562 1101 707 1138 genere
726 1090 884 1126 n‘ecnon
905 1099 943 1126 et
963 1100 1167 1137 potestate,
1185 1091 1253 1139 qui
1272 1091 1423 1139 vulgari
1442 1091 1577 1138 lingua
1596 1091 1659 1127 in-

208 1149 402 1186 fanzones
435 1149 665 1186 dicuntur.»
699 1150 826 1197 (Esp.
858 1150 1005 1198 Sagr„
1035 1151 1218 1192 XXXVI,
1253 1152 1340 1198 pag.
1373 1163 1492 1189 Lxxxi
1526 1151 1574 1187 de
1604 1151 1664 1187 los

206 1209 628 1259 Apendices.)-1115:
651 1210 768 1246 «Orta
790 1210 866 1246 fuit
894 1210 1063 1247 intentio
1090 1211 1190 1247 inter
1209 1212 1439 1258 episcopum
1467 1211 1662 1247 domnum

207 1270 403 1308 Didacum
423 1279 463 1307 et
482 1270 650 1307 Michael
669 1271 910 1318 Roderiquiz
929 1280 967 1307 et
986 1271 1090 1307 filius
1110 1271 1230 1318 ipsius
1236 1300 1308 1310 .....
1329 1281 1367 1308 et
1384 1271 1450 1307 alii
1476 1271 1661 1307 infanzo-

206 1342 279 1368 nes
283 1359 358 1370 .....
376 1333 496 1368 Tune
513 1332 586 1378 ipsi
606 1332 784 1367 milites.»
806 1332 931 1380 (Esp.
958 1333 1104 1380 Sagr„
1132 1332 1332 1375 XXXVII,
1361 1333 1448 1379 pdg.
1479 1343 1597 1368 xcviii
1613 1331 1662 1367 de

206 1391 268 1428 los
287 1392 546 1440 Apendices.)

216 1490 220 1494 ,
253 1452 340 1500 966:
365 1453 500 1490 «Meos
517 1454 693 1490 monitos
711 1463 750 1491 et
768 1455 880 1491 villas
897 1466 975 1502 que
995 1465 1085 1489 meo
1105 1454 1197 1488 dato
1218 1452 1366 1487 habent
1393 1462 1502 1487 meos
1527 1450 1669 1497 infanf

143 1550 146 1552 ,
205 1525 362 1554 zoneS.»
386 1514 662 1561 (Testamento
681 1514 743 1551 del
762 1515 902 1560 obispo
921 1514 1119 1550 Sisnando
1139 1525 1188 1549 en
1206 1512 1240 1548 el
1260 1512 1379 1549 Cart.
1398 1512 1446 1547 de
1461 1511 1661 1554 Sobrmlo,

207 1585 312 1611 saec.
342 1575 439 1615 Xlll.
467 1573 538 1611 fol.
566 1586 588 1621 7
614 1574 920 1623 v.⁰)—951·985:
952 1575 1054 1610 «Nos
1060 1601 1131 1611 .....
1160 1573 1393 1608 infanzones
1417 1571 1488 1618 qui
1513 1580 1663 1606 vestros

206 1633 420 1670 comitatos
438 1634 704 1679 obtinemus,»
725 1635 854 1677 dicen,
875 1634 1140 1680 dirigiendose
1167 1633 1202 1668 al
1222 1633 1363 1680 obispo
1385 1631 1657 1678 Hermenegil-

207 1693 275 1740 do,
296 1693 356 1729 los
373 1693 608 1730 infanzones
626 1706 705 1742 que
725 1696 831 1731 tensa
849 1695 868 1730 ἐι
886 1706 931 1730 su
951 1694 1128 1731 servicio.
1145 1694 1411 1741 (Eser-ituras
1427 1694 1476 1730 de
1491 1693 1535 1729 Ia
1549 1691 1657 1741 igle-

206 1752 276 1790 sia
292 1754 342 1790 de
359 1753 493 1801 Lug0,
513 1753 622 1799 copia
644 1753 707 1790 del
726 1754 824 1800 siglo
843 1755 969 1799 xvim)

257 1813 314 1860 (t)
364 1813 406 1850 S.
424 1824 476 1849 xl:
495 1812 639 1848 «Istum
661 1814 892 1850 comitatum
919 1813 981 1862 [de
1002 1812 1213 1861 Pressares]
1233 1823 1290 1849 est
1302 1813 1350 1849 de
1364 1814 1575 1860 Superato,
1591 1824 1659 1848 ex—

206 1881 318 1920 cepta
334 1872 550 1908 hereditate
565 1873 614 1909 de
633 1873 907 1911 infanzones.»
928 1874 1070 1921 (Cart.
1091 1875 1141 1910 de
1158 1874 1355 1914 Solu-ado,
1377 1873 1408 1919 1,
1429 1872 1500 1908 fol.
1519 1885 1564 1917 42
1584 1871 1659 1916 v.⁰)

207 1946 272 1969 —i
285 1942 372 1979 137:
406 1946 422 1966 (ι
437 1933 522 1979 Ego
553 1933 798 1970 Aldefonsus
803 1962 876 1971 .....
911 1934 1193 1981 Hispaniarum
1230 1934 1442 1981 imperator
1447 1961 1522 1970 .....
1557 1933 1660 1970 facio

205 2001 357 2029 cartam
372 1992 596 2029 donationis
610 1993 694 2030 Deo
709 2003 747 2030 et
761 1995 928 2031 Sanctae
946 1994 1089 2031 Mariae
1104 1994 1151 2030 de
1167 1995 1314 2030 Naxera
1331 1995 1379 2030 de
1394 1994 1566 2041 quadarn
1586 1994 1656 2030 vil-

207 2053 324 2090 la.....
346 2062 487 2100 praeter
504 2062 581 2089 tres
601 2065 736 2089 sernas
755 2066 894 2101 parvas
912 2066 1003 2102 quae
1028 2064 1122 2090 sunt
1147 2055 1199 2089 ibi
1228 2054 1275 2089 de
1303 2055 1362 2089 los
1387 2054 1657 2090 infanzones.»

208 2112 427 2162 (Llorente,
448 2112 647 2150 Noticias
664 2113 882 2150 historicas
896 2115 950 2150 de
968 2114 1032 2150 Ias
1050 2121 1130 2150 tres
1147 2113 1393 2150 Provincias
1418 2114 1660 2162 Vasconga·

207 2175 300 2221 das,
327 2174 397 2220 lv,
428 2176 534 2222 pagS.
564 2175 879 2223 60-61.)-1194:
911 2177 1018 2212 «Nos
1048 2183 1133 2210 toto
1158 2174 1350 2218 concegio
1378 2173 1425 2209 de
1449 2173 1659 2220 Thamayo

206 2234 276 2283 qui
295 2246 435 2270 sumus
453 2234 609 2279 collacii
629 2235 846 2271 Honiensis
870 2234 1112 2278 monasterii,
1138 2233 1310 2279 exceptis
1335 2232 1654 2268 infanzonibus.»

205 2295 502 2341 (Documentos
517 2294 801 2343 particulares
816 2295 882 2331 del
899 2296 950 2332 M
954 2293 1159 2331 onasterio
1175 2294 1223 2329 de
1243 2293 1346 2337 Οῆα,
1368 2293 1478 2327 mim.
1503 2293 1576 2336 58.)

255 2357 303 2391 Α.
335 2367 444 2403 1019:
480 2356 597 2392 «Sine
617 2355 809 2403 petitione
831 2355 1034 2392 Pontificis
1059 2367 1140 2390 non
1167 2353 1325 2389 intravit
1349 2352 1459 2399 sagio
1484 2353 1525 2388 in
1543 2353 1655 2389 debi-

207 2425 294 2452 tum
312 2416 439 2452 sancti
457 2415 609 2460 Jacobi,
630 2415 707 2451 nisi
724 2427 843 2463 super
861 2416 1133 2452 infanzones.»
1157 2414 1351 2462 (Diploma
1370 2413 1418 2449 de
1436 2413 1608 2449 Alfonso
1621 2414 1657 2448 V

205 2487 257 2512 en
277 2475 412 2523 Lopez
429 2476 621 2521 Ferreiro,
640 2477 802 2513 Fueros
818 2476 1088 2525 municipales
1102 2476 1150 2511 de
1168 2474 1379 2522 Santiago
1391 2485 1432 2522 y·
1447 2474 1497 2510 de
1513 2485 1558 2510 su
1578 2474 1655 2510 tie-

206 2547 296 2581 rra,
320 2535 408 2583 pag.
434 2535 533 2583 133.)

256 2595 309 2643 (2)
361 2597 411 2632 A.
438 2607 541 2644 1123:
571 2595 732 2642 «Neque
752 2595 975 2643 disrumpat
993 2595 1134 2642 aliquis
1154 2604 1263 2630 tuam
1282 2594 1464 2640 domum,
1491 2595 1558 2632 sed
1583 2595 1655 2631 ha-

205 2657 298 2692 beas
317 2655 425 2691 illam
444 2655 622 2692 francam
642 2665 680 2691 et
694 2654 855 2690 liberam
875 2654 977 2690 sicut
993 2653 1155 2700 legitimi
1168 2653 1441 2690 infanzones.»
1455 2653 1656 2702 (Diploma

204 2716 255 2752 de
273 2715 446 2752 Alfonso
464 2715 551 2757 Vll,
567 2727 617 2751 en
631 2715 690 2750 los
703 2715 974 2751 Documentos
988 2713 1121 2750 reales
1133 2713 1200 2749 del
1211 2714 1264 2750 M
1266 2713 1471 2750 onasterio
1482 2715 1532 2750 de
1550 2714 1654 2759 Οῆα,

205 2776 317 2812 m'im.
336 2777 412 2822 42.)
444 2776 480 2811 A
507 2783 590 2811 esta
620 2774 844 2821 franquicia
868 2773 985 2809 alude
1011 2773 1046 2808 el
1071 2773 1316 2809 documento
1335 2773 1383 2809 de
1407 2783 1492 2820 1071
1522 2773 1656 2822 publi-

206 2835 309 2872 cado
327 2846 400 2883 por
418 2834 633 2882 Berganza,
652 2833 961 2882 Antigiiedades
978 2833 1027 2868 de
1044 2832 1233 2880 Espafia,
1253 2832 1302 2876 11,
1321 2833 1408 2881 ρᾶς.
1425 2833 1513 2880 436:
1536 2833 1652 2869 «Tra-

203 2896 258 2931 do
277 2906 385 2931 meas
403 2905 511 2930 casas
516 2921 589 2931 .....
609 2905 701 2929 cum
719 2893 788 2929 tali
807 2892 894 2928 foro
913 2892 960 2927 de
975 2892 1051 2927 illis
1070 2891 1306 2943 infanqones
1323 2892 1371 2929 de
1390 2893 1600 2930 Castella.»

253 2956 304 3004 (3)
356 2955 407 2993 A.
427 2965 513 3003 974:
537 2955 707 2990 «Damus
726 2953 856 2990 bonos
875 2952 984 2989 foros
999 2952 1051 2988 ad
1070 2952 1159 2989 illos
1177 2953 1396 2990 caballeros
1420 2962 1466 2990 ut
1489 2954 1569 2990 sint
1592 2954 1653 2990 in-
