1786 3198
279 244 366 284 404
761 240 931 268 EDUARD
959 239 1165 267 BoEHMER

296 322 434 365 Vides
456 318 562 374 quid
590 318 736 361 bonus
763 317 838 361 ille
867 322 999 373 poeta
1026 321 1248 361 vereatur.
1274 317 1530 373 Responde,
1555 330 1686 374 rogo,

234 400 278 438 et
299 394 403 444 cito,
429 405 536 434 nam
558 389 818 433 tabellarius
839 390 925 433 hac
947 395 1080 434 nocte
1099 389 1438 446 responsionem
1460 395 1685 446 expectat.

226 467 398 508 Iterum
421 464 535 507 vale.

285 537 415 580 Tuus
437 535 692 580 Valdesius.

287 730 475 773 Salvum
499 733 544 771 te
567 727 776 771 advenire
793 727 980 784 gaudeo.
1000 727 1154 772 Caesar
1175 727 1222 772 in
1237 742 1321 772 sua
1337 726 1560 771 sententia
1576 740 1686 770 eun-

225 803 268 846 di
290 802 347 846 ad
370 801 555 844 Italiam
584 807 713 845 tanta
739 801 995 845 constantia
1021 806 1191 857 perstat
1217 806 1282 857 ut,
1307 801 1345 844 si
1367 801 1575 844 deessent
1596 814 1682 843 na-

221 890 316 927 ves,
342 873 563 917 natationi
586 887 634 916 se
657 874 981 917 commissurus
1013 873 1072 916 sit
1105 873 1254 929 potius
1275 886 1411 928 quam
1440 872 1497 915 ab
1529 871 1686 915 itinere

224 948 315 991 alio
331 948 536 990 divertat.
554 947 642 990 Sed
665 947 718 990 de
741 947 812 990 his
833 946 971 990 latius
991 961 1105 1000 craS,
1126 961 1232 990 nam
1256 947 1300 990 in
1323 945 1566 1002 praesentia
1586 946 1684 1002 plu-

224 1034 275 1063 ra
296 1020 490 1063 scribere
513 1033 604 1072 non
623 1025 768 1063 vacat.
790 1019 942 1063 Caesar
957 1033 1055 1062 cras
1076 1019 1182 1063 hinc
1204 1019 1360 1072 abibit,
1382 1033 1464 1062 nos
1482 1019 1552 1062 die
1570 1019 1687 1062 Mer-

227 1093 339 1136 curii
363 1106 618 1147 sequemur.
646 1091 953 1135 Cancellarius
979 1092 1112 1147 longe
1134 1091 1296 1135 melius
1316 1091 1455 1135 valet.
1481 1089 1554 1134 Tu
1576 1103 1688 1146 quo-

220 1179 306 1221 que
326 1166 443 1208 vale.

286 1237 416 1280 Tuus
439 1236 697 1282 Valdesius.

281 1309 338 1352 In
361 1310 501 1352 dorso:
522 1307 786 1352 Clarissimo
803 1307 899 1351 viro
918 1309 976 1354 D.
992 1307 1155 1367 Joanni
1180 1308 1401 1352 Dantisco
1424 1307 1571 1353 Ser.mi
1595 1309 1687 1353 Re-

219 1381 291 1437 gis
314 1381 513 1424 Poloniae
536 1380 719 1424 oratori.

287 1455 340 1497 M
342 1469 428 1497 anu
456 1454 672 1496 Dantiscz':
697 1454 806 1497 Dat.
832 1467 885 1495 ex
910 1453 1259 1510 Caesaraugusta
1281 1454 1336 1498 18
1359 1453 1527 1510 Aprilis
1545 1456 1686 1500 1529.

227 1527 344 1571 Red.
371 1527 415 1569 in
442 1525 625 1571 Otheno
650 1537 705 1582 19
727 1524 945 1580 ejusdem.

284 1721 333 1764 S.
408 1719 706 1763 Admittimus
724 1718 1028 1774 justissimam
1061 1724 1188 1762 tuam
1222 1719 1572 1764 excusationem.
1597 1720 1682 1763 Ve-

219 1794 346 1837 niam
374 1808 458 1849 ego
482 1794 539 1835 ad
561 1798 604 1835 te
628 1792 664 1834 si
695 1798 847 1835 tamen
870 1792 1105 1835 commode
1133 1797 1304 1848 potem,
1330 1792 1400 1835 sin
1422 1798 1588 1847 autem,
1614 1806 1688 1836 me

219 1873 269 1909 tu
298 1866 499 1908 vicissim
523 1869 785 1907 excusatum
809 1864 1012 1909 habebis.
1037 1864 1140 1907 Non
1164 1878 1278 1920 opus
1308 1870 1375 1908 est
1406 1870 1454 1908 ut
1476 1865 1686 1909 Levicius

219 1940 276 1982 ad
299 1953 372 1981 me
397 1938 566 1988 veniat,
594 1951 679 1992 ego
711 1951 807 1980 rem
841 1938 906 1980 ita
938 1937 1171 1993 expediam
1201 1942 1251 1984 ut
1272 1936 1498 1994 intelligas
1529 1938 1688 1982 adesse

219 2010 508 2053 Valdesium.
532 2010 664 2052 Vale.

283 2082 414 2126 Tuus
437 2082 695 2127 Valdesius.

281 2274 332 2320 S.
406 2276 553 2318 Doleo
576 2281 620 2319 te
643 2276 756 2318 adeo
773 2274 1025 2318 officiosum
1048 2279 1099 2318 ut
1122 2289 1194 2318 me
1211 2276 1334 2319 dorni
1355 2276 1591 2320 convenire
1608 2290 1688 2319 vo-

221 2347 359 2390 lueris
383 2354 428 2390 et
455 2362 528 2391 me
552 2349 664 2391 adeo
689 2348 917 2392 infelicem
948 2348 1066 2403 quod
1093 2348 1215 2391 domi
1246 2363 1528 2404 nequaquam
1552 2348 1690 2393 offen-

220 2419 353 2463 deris.
390 2420 636 2475 Negotium
681 2426 813 2463 tuum
847 2435 938 2463 non
971 2426 1118 2476 potest
1149 2420 1230 2463 tibi
1262 2421 1410 2476 magis
1442 2435 1561 2465 curae
1591 2435 1692 2465 esse

220 2505 356 2545 quam
381 2492 510 2542 mihi,
537 2493 616 2536 sed
638 2499 703 2545 tu,
731 2493 768 2535 si
797 2507 870 2535 me
893 2507 1039 2544 amaS,
1060 2492 1264 2548 quemvis
1285 2493 1437 2549 potius
1458 2508 1482 2536 e
1503 2493 1688 2538 famulis

221 2564 312 2605 tuis
334 2565 392 2607 ad
416 2579 488 2607 me
512 2565 641 2609 mitts
664 2580 802 2621 quam
828 2566 1064 2609 Levicium
1088 2564 1211 2621 cujus
1234 2580 1306 2609 me
1329 2566 1496 2610 mirum
1520 2566 1566 2610 in
1590 2580 1687 2611 mo-

221 2635 330 2677 dum
368 2636 553 2681 offendit
593 2638 870 2694 superstitio.
909 2638 959 2681 Si
996 2638 1100 2693 quid
1132 2638 1215 2681 erit
1245 2638 1292 2681 in
1326 2652 1413 2693 quo
1444 2644 1524 2682 tua
1554 2652 1692 2695 opera

219 2720 334 2762 opus
368 2708 442 2758 sit,
480 2714 525 2751 te
565 2711 775 2763 monebo,
814 2710 985 2754 interea
1006 2710 1253 2766 permittito
1287 2724 1359 2754 me
1391 2711 1612 2767 negotiari
1644 2715 1690 2754 et

218 2779 372 2822 desine
398 2781 534 2823 toties
559 2796 631 2825 me
658 2797 762 2827 cum
787 2784 877 2826 tuis
899 2783 1172 2827 debitoribus
1193 2782 1456 2827 obtundere.
1481 2783 1612 2828 Vale.

280 2849 411 2894 Tuus
434 2852 688 2898 Valdesius.

277 2924 334 2967 In
360 2923 480 2967 dorso
503 2925 591 2968 alia
616 2941 767 2970 manu.-
794 2929 903 2972 Dat.
930 2928 1129 2972 Mantuae
1152 2942 1179 2985 9
1203 2927 1352 2984 April.
1375 2929 1510 2972 1530.
