1786 3198
281 216 360 255 662
572 226 611 252 c.
647 224 880 255 meminus,
911 225 966 252 DE
999 222 1327 254 VASCONCELLOS

290 305 614 348 Ponderem-se
632 304 907 358 aspalavras
924 303 1165 346 dedicadas
1182 317 1264 345 aos
1281 301 1488 345 Infantes
1505 302 1559 346 de
1570 305 1687 348 Ara-

225 386 310 433 gao
334 393 356 419 e
379 377 728 431 especialmente
758 391 784 418 a
814 377 871 420 D.
896 377 1024 433 Joao‚
1057 390 1082 417 o
1113 376 1229 418 nada
1259 376 1548 430 escrupuloso
1579 375 1683 421 her-

226 450 348 492 deiro
382 449 461 491 das
484 451 639 491 cor6as
661 449 714 491 de
738 450 941 491 Navarra
963 458 986 490 e
1010 449 1366 503 Aragao—mais
1397 450 1521 492 tarde
1552 455 1684 492 tena-

223 522 407 564 cissimo
437 521 725 576 antagonista
754 521 809 563 do
845 521 1160 571 Condestavel,
1187 535 1271 576 que
1304 522 1376 564 lhe
1410 523 1518 565 deve
1547 537 1574 566 a
1598 537 1687 570 ,sua

223 595 416 636 derrota.
444 593 505 635 86
531 599 658 635 antes
681 593 736 634 da
761 599 904 635 morte
938 593 991 635 de
1021 592 1206 636 Affonso
1230 608 1255 636 o
1279 594 1571 650 Magnanimo
1607 597 1682 652 (27

223 666 276 707 de
299 665 450 723 J'unho
472 664 524 706 de
556 663 692 719 1458)
716 677 791 706 era
814 663 939 706 licito
962 664 1198 706 chama-lo
1228 680 1278 721 oy
1306 680 1355 708 en
1384 666 1458 708 dia
1490 671 1686 721 reynante

205 752 271 780 >en
289 738 508 787 Navarra,
536 749 631 777 sem
658 736 774 778 nada
799 736 913 778 mais
936 736 983 791 (f.
1008 737 1066 793 76
1089 739 1154 791 v.)

284 811 536 863 Oucam-se
562 823 612 850 os
645 809 887 860 lamentos,
914 823 985 852 em
1009 809 1154 852 forma
1184 810 1237 852 de
1273 809 1529 866 prophecia,
1554 810 1685 856 sobre

224 897 251 924 o
275 883 445 924 fadario
470 883 525 923 do
550 881 693 925 irmao
717 882 833 925 mais
856 897 991 939 novo,
1018 884 1077 928 D.
1104 885 1216 942 joao
1239 884 1292 926 de
1317 884 1542 939 Coimbra,
1561 884 1683 929 Ptin—

222 955 322 1010 cipe
347 956 399 997 de
423 954 680 1005 Antiochia,
715 961 844 998 outro
882 969 1009 997 ramo
1041 957 1318 1011 mallogrado
1351 957 1596 1018 datarvore
1618 957 1684 1001 ‘de

223 1028 348 1078 Avis,
375 1042 460 1083 que
500 1041 526 1069 a
561 1034 704 1070 morte
734 1034 887 1071 cortou
918 1043 974 1071 na
1006 1028 1216 1083 primeira
1249 1029 1425 1071 metade
1461 1030 1515 1072 de
1543 1038 1680 1087 21457,

223 1102 359 1155 longe
382 1100 438 1142 da
460 1106 581 1145 terra
603 1101 725 1144 natal
750 1101 800 1154 (f.
826 1102 922 1158 78).

284 1173 324 1214 E
347 1171 578 1226 vejam-se
601 1187 651 1214 as
674 1173 869 1215 allus5es
897 1174 925 1215 a
953 1173 1123 1229 tragica
1151 1180 1272 1216 sorte
1301 1176 1357 1218 do
1382 1175 1683 1218 Condestavel

225 1244 487 1287 castelhano
511 1246 572 1287 D.
600 1246 765 1288 Alvaro
786 1246 838 1288 de
862 1247 1010 1297 Luna,
1048 1246 1204 1288 subido
1234 1261 1288 1290 ao
1311 1249 1492 1290 cumulo
1516 1248 1572 1290 do
1596 1262 1680 1303 po·

225 1318 302 1359 der
330 1332 436 1372 «por
464 1318 679 1374 sobejiddo
703 1318 749 1360 de
775 1318 985 1374 fortuna»
1023 1334 1046 1361 e
1078 1318 1300 1375 justicado
1339 1326 1445 1363 «ηιῖο
1466 1319 1520 1362 ha
1553 1321 1683 1363 ainda

226 1395 391 1445 quattro
414 1391 643 1447 complz'das
670 1391 918 1449 circulafb'es
952 1392 1004 1434 do
1034 1392 1139 1446 soh·
1165 1393 1327 1448 phrase
1359 1408 1444 1448 que
1472 1394 1522 1435 εό
1554 1393 1684 1436 tinha

223 1469 357 1504 razao
381 1462 433 1503 de
457 1477 527 1504 ser
550 1470 680 1504 antes
704 1463 755 1504 de
781 1477 806 1507 2
831 1465 883 1506 de
908 1463 1061 1521 Junho
1084 1465 1137 1507 de
1164 1464 1278 1522 1457
1305 1465 1353 1520 (f.
1381 1468 1476 1523 74).

286 1536 326 1577 E
345 1549 475 1577 corno
500 1549 621 1578 essas
646 1542 737 1578 tres
758 1536 1025 1591 referencias
1048 1553 1094 1579 se
1117 1538 1275 1592 acham
1301 1539 1427 1594 quasi
1449 1554 1506 1581 no
1526 1539 1603 1582 fim
1623 1539 1680 1582 da

220 1607 344 1658 obra,
382 1612 405 1649 e
437 1607 562 1650 licito
594 1608 747 1651 inferis
779 1624 863 1664 que
895 1610 982 1652 ella
1013 1617 1168 1654 estava
1205 1617 1411 1667 prompta
1450 1626 1520 1654 em
1558 1611 1679 1654 Maio

226 1680 278 1721 de
307 1692 439 1736 1457·
1633 1732 1636 1735 ,

280 1753 317 1794 Ο
342 1752 625 1808 prologo—a
649 1754 785 1796 unica
813 1759 938 1809 parte
962 1755 1534 1800 datada—accrescentado
1566 1757 1681 1800 mais

219 1825 359 1876 tarde,
386 1825 609 1869 confirma
632 1833 724 1869 este
742 1828 931 1872 calculo.
949 1828 1252 1883 Supponho-o
1273 1830 1462 1885 escripto
1480 1845 1503 1872 e
1520 1831 1675 1886 copia-

219 1897 275 1939 do
299 1911 370 1940 em
391 1898 640 1954 principios
670 1900 723 1942 de
755 1899 889 1957 1459.
916 1901 954 1943 O
985 1906 1114 1955 poeta
1143 1908 1278 1945 conta
1311 1901 1385 1950 ahi
1415 1916 1548 1945 como
1579 1908 1678 1945 teve

199 1969 270 2011 'de
315 1971 464 2026 largar
499 1978 604 2015 mao
643 1972 701 2014 da
733 1972 858 2022 ebra,
897 1986 990 2014 sem
1025 1988 1051 2015 a
1083 1973 1215 2016 limat
1249 1987 1353 2016 nem
1388 1971 1538 2025 rever.
1570 1987 1678 2029 para

217 2043 554 2098 accompanhar
576 2058 654 2086 seu
681 2044 765 2086 Rei
789 2060 812 2086 e
835 2043 1014 2088 Senhor
1030 2036 1109 2087 aos
1126 2059 1311 2100 campos
1334 2044 1582 2100 tingitanos
1600 2046 1679 2100 (30

216 2114 268 2155 de
293 2113 386 2158 Set.
413 2115 467 2157 de
492 2118 645 2171 1457).
685 2116 726 2158 E
749 2116 801 2158 de
825 2118 948 2160 volta
970 2132 1024 2160 ao
1046 2118 1321 2168 continente,
1345 2118 1500 2172 depois
1521 2118 1579 2161 da
1599 2119 1673 2160 to-

220 2187 352 2229 mada
375 2187 427 2229 de
451 2188 638 2230 Alcacer
663 2188 790 2242 (Out.
809 2190 865 2231 do
884 2204 1059 2233 mesmo
1077 2194 1232 2244 anno),
1259 2205 1285 2233 o
1309 2191 1556 2233 sobresalto
1572 2202 1677 2234 con-

216 2258 346 2301 tinuo
369 2273 438 2301 em
463 2274 550 2314 que
574 2272 600 2302 0
624 2260 686 2303 rei
710 2261 768 2303 de'
789 2262 881 2304 Fez
899 2268 1000 2305 teve
1020 2277 1073 2305 os
1097 2264 1413 2318 Portugueses,
1440 2263 1676 2306 cercando-

201 2339 268 2371 ‘os
291 2345 350 2374 no
372 2331 483 2374 forte
499 2333 807 2387 conquistado,
832 2349 856 2376 e
878 2349 928 2377 os
945 2341 1144 2390 aprestes
1163 2350 1270 2391 para
1288 2340 1416 2378 outra
1438 2335 1678 2393 expedicio

204 2409 306 2445 ‘nio
331 2403 629 2458 permittiram
663 2418 748 2459 que
783 2420 809 2447 o
840 2407 1037 2463 principe
1066 2422 1114 2450 se
1141 2407 1370 2450 dedicasse
1404 2412 1703 2450 novamente'

201 2498 203 2502 ·
217 2488 272 2517 ao
285 2475 491 2518 trabalho
507 2476 721 2519 interrom
729 2477 845 2532 pido,
860 2479 1259 2537 aperfeieoandov,
1277 2494 1303 2521 a
1317 2479 1395 2522 fim
1413 2479 1465 2522 de
1481 2494 1507 2522 o
1523 2485 1679 2523 tornar

216 2547 353 2601 digno
375 2549 431 2591 do
454 2549 630 2591 excelso
655 2555 791 2591 varao
827 2565 854 2592 a
883 2565 1016 2606 quem
1048 2565 1074 2593 o
1103 2551 1334 2594 destinava
1359 2550 1428 2598 (Ι).
1453 2551 1678 2610 Julgand'o

205 2712 207 2716 ,
267 2676 317 2724 (1)
370 2678 474 2714 Deve
494 2690 554 2716 ser
575 2679 697 2716 d'este
717 2692 827 2717 anno
846 2680 895 2718 de
929 2682 1035 2729 1457,
1056 2681 1231 2718 anterior
1248 2682 1268 2718 a
1293 2685 1346 2720 1.ss
1362 2682 1579 2734 expedicio
1597 2683 1677 2720 bel·

217 2734 288 2771 lica
307 2737 359 2772 do
377 2737 566 2775 Africano
584 2751 608 2776 ο
627 2739 829 2778 Conselho
843 2742 895 2777 do
913 2741 1071 2779 Senhor
1087 2742 1141 2778 D.
1159 2742 1308 2789 Pedro‚
1321 2741 1429 2792 filho
1445 2743 1497 2779 do
1514 2735 1674 2792 Insan-

217 2802 254 2830 τε
273 2796 328 2832 D.
348 2797 479 2834 Pedro
499 2812 527 2835 a
547 2800 602 2836 ΕΙ
620 2801 717 2850 Rey
737 2801 789 2838 D.
810 2801 997 2851 Assonso
1017 2801 1068 2845 V,
1089 2811 1149 2837 em
1170 2812 1249 2849 que
1268 2808 1376 2837 tenta
1395 2800 1634 2837 estabelecei·
1649 2813 1676 2837 o

215 2866 295 2903 que
313 2856 407 2891 seria
424 2858 518 2894 mais
534 2869 800 2906 pertencente‚
823 2872 937 2908 «para
953 2861 1148 2898 mancebo
1164 2871 1271 2908 reyz»
1291 2860 1427 2910 infieis
1440 2861 1677 2910 conquistar

216 2925 269 2950 ou
290 2915 375 2950 bem
396 2928 415 2951 e
428 2917 678 2962 justameme
692 2932 815 2969 reget·
829 2933 851 2957 0
870 2932 937 2958 seu
962 2921 1087 2959 reino.
