1786 3198
264 242 343 283 392
725 236 896 265 EDUARD
924 235 1127 264 BOEHMER

206 318 484 365 commodius
506 316 655 358 forsan
680 314 792 357 alias
823 313 971 356 verbis
1000 312 1247 369 explicabo,
1275 312 1437 368 Agitur
1463 312 1519 356 de
1541 325 1667 368 pace,

205 392 345 437 nostri
369 390 555 433 credunt
578 402 624 430 se
658 387 825 430 habere
855 400 948 430 rem
973 386 1063 429 fere
1095 385 1355 441 perfectam,
1392 385 1470 428 sed
1490 390 1541 428 ut
1559 399 1663 429 sen-

206 465 391 508 tentiam
417 475 566 504 meam
591 460 832 516 proferam,
865 459 1000 511 Galli,
1034 458 1201 502 nostris
1229 460 1364 514 longe
1396 457 1663 512 callidiores,

204 535 379 591 egregie
402 534 592 577 illudunt
615 547 715 584 nos,
740 546 828 587 quo
852 532 936 574 sub
959 546 1036 587 spe
1059 531 1183 587 pacis
1216 531 1389 587 decepti
1412 530 1543 574 rebus
1565 531 1663 575 Ita-

206 609 301 652 licis
333 607 485 650 minus
522 605 839 661 provideamus
881 610 1015 659 atque
1046 604 1130 659 ipsi
1163 604 1335 647 interea
1363 603 1539 647 facilius
1570 617 1665 648 rem

204 694 334 724 suam
357 684 509 734 agant.
535 677 764 721 Existimo
784 683 964 720 nostros
987 690 1099 732 quos
1119 676 1237 719 nosti
1256 676 1484 731 negotium
1507 690 1667 733 prope-

205 759 380 796 raturos
402 757 467 803 ut,
494 751 531 794 si
554 751 649 794 fieri
679 751 838 806 possit,
876 755 982 792 ante
1014 749 1259 792 adventum
1292 749 1414 792 senis
1441 749 1582 792 nostri
1610 749 1668 794 ad

204 826 339 868 finem
363 838 502 879 usque
525 824 812 879 perducatur.
840 823 910 866 De
931 821 1063 865 rebus
1085 821 1325 876 Ungari'cis
1345 820 1564 865 hactenus
1585 835 1668 865 au-

204 898 294 941 divi
318 896 446 947 nihil,
472 911 556 939 nec
579 897 633 939 de
650 897 798 954 Janua
820 900 980 951 praeter
1003 893 1046 937 id
1070 894 1189 949 quod
1211 894 1268 937 ad
1285 899 1330 937 te
1353 893 1526 949 scripsi.
1546 894 1665 940 Nac-

203 976 277 1013 tus
299 984 400 1012 sum
424 969 670 1024 hospitium
695 968 809 1011 satis
831 967 1124 1010 commodum
1148 972 1193 1009 et
1214 967 1334 1022 quod
1354 966 1452 1023 tibi,
1473 967 1510 1010 si
1527 980 1667 1022 quan-

205 1044 262 1085 do
286 1042 375 1084 huc
397 1041 551 1084 venire
574 1041 830 1095 contigerit,
857 1040 957 1082 usui
982 1054 1079 1082 esse
1102 1041 1281 1095 poterit.
1307 1041 1435 1085 Vale.

266 1115 483 1158 Palentiae
505 1114 575 1157 die
598 1114 743 1171 jovis.

264 1188 332 1231 De
354 1202 462 1243 pace
484 1187 594 1230 nihil
617 1201 744 1242 spero
767 1186 986 1229 futurum.
1007 1184 1137 1228 Tuus
1159 1200 1213 1229 ex
1233 1187 1385 1230 animo
1407 1187 1666 1232 ValdesiuS.

265 1263 321 1304 In
341 1261 480 1304 dorso.-
498 1259 759 1303 Clarissimo
774 1259 868 1302 viro
888 1259 1087 1301 Domino
1107 1259 1272 1317 Joanni
1291 1258 1512 1303 Dantisco
1527 1260 1668 1304 Ser.nni

208 1335 346 1390 Regis
369 1333 569 1377 Poloniae
592 1333 761 1376 oratori
784 1331 1067 1387 dignissimo.

267 1408 408 1450 Manu
428 1406 644 1450 Dantisci:
664 1407 774 1449 Dat.
795 1404 1011 1449 Palentiae
1037 1417 1092 1450 12
1115 1403 1370 1460 Septembr.
1389 1407 1525 1449 1527.
1552 1405 1668 1450 Red.

206 1481 251 1523 in
277 1480 468 1523 Paredes
490 1479 646 1522 eodem
670 1478 763 1522 die.

267 1697 315 1741 S.
343 1711 386 1751 p.
453 1695 536 1739 Vir
557 1695 823 1746 clarissime,
849 1694 1049 1750 pristinae
1073 1695 1318 1738 valetudini
1342 1701 1386 1738 te
1408 1696 1666 1740 restitutum

207 1769 395 1824 gaudeo.
419 1768 664 1823 Sperabam
690 1768 994 1811 Alexandrum
1019 1767 1186 1822 aliquid
1207 1783 1234 1811 a
1257 1769 1458 1812 Domino
1480 1770 1534 1812 de
1551 1771 1666 1813 Nas-

207 1856 289 1884 sou
313 1842 676 1896 impetraturum,
702 1846 873 1891 tamen,
894 1845 942 1882 ut
960 1840 1108 1891 audio,
1127 1840 1238 1883 nihil
1258 1841 1479 1884 hactenus
1497 1841 1664 1885 factum

206 1920 290 1958 est.
315 1914 444 1956 Nosti
470 1913 660 1957 Caesaris
683 1919 910 1957 naturam.
937 1912 986 1955 Si
1009 1913 1256 1956 decreveris
1278 1914 1365 1956 huc
1386 1914 1556 1966 venire,
1575 1928 1666 1957 non

210 1986 363 2029 habita
386 1983 437 2034 (1)
462 1986 724 2038 diversorio,
748 1984 848 2028 vide
872 1999 927 2027 ne
948 1985 1138 2040 antiquo
1161 1985 1328 2042 hospiti
1361 1986 1572 2042 injuriam
1596 1986 1664 2030 fa-

207 2058 315 2102 cias.
341 2059 459 2102 Nam
483 2059 521 2101 si
545 2059 590 2102 in
608 2059 754 2114 primo
777 2058 982 2101 cubiculo
1006 2059 1171 2102 lectum
1195 2065 1324 2102 tuum
1348 2055 1666 2103 collocare‘no-

209 2132 358 2182 lueris,
385 2131 466 2173 erit
489 2146 578 2174 non
604 2131 918 2174 incommodus
942 2132 1067 2173 locus
1099 2131 1144 2174 in
1178 2132 1374 2175 seeundo
1408 2132 1483 2174 ubi
1516 2133 1668 2176 nullus

209 2204 388 2255 dormit,
415 2219 496 2247 nec
519 2204 656 2247 alicui
679 2204 968 2247 incommodo
993 2218 1091 2246 esse
1114 2205 1295 2259 poteris.
1330 2206 1400 2247 De
1424 2204 1668 2260 impetran-

209 2278 266 2320 do
290 2291 316 2319 a
340 2278 517 2320 Caesare
540 2277 749 2332 hospitio,
777 2276 863 2320 nisi
889 2282 991 2332 post
1014 2278 1259 2320 adventum
1291 2278 1573 2329 Cancellarii,
1601 2284 1669 2322 est

209 2354 326 2392 certe
348 2363 482 2403 quam
508 2349 697 2392 minima
717 2363 837 2404 spes,
864 2363 970 2391 nam
994 2355 1145 2392 orator
1167 2349 1415 2392 Lusitanus
1433 2363 1668 2405 nunquam

212 2436 303 2464 non
325 2421 578 2464 obtundens
601 2423 826 2465 Caesarem
862 2421 973 2464 nihil
1008 2421 1226 2464 hactenus
1254 2421 1493 2477 impetrare
1523 2423 1670 2466 valuit

213 2499 451 2548 manetque
473 2499 600 2537 extra
622 2494 853 2550 oppidum.

277 2568 318 2607 A
339 2567 618 2609 Cancellario
635 2566 746 2610 nihil
765 2567 908 2610 habeo
926 2566 1192 2617 litterarum,
1213 2566 1350 2609 fertur
1366 2573 1520 2610 tamen
1537 2567 1667 2611 illum

212 2651 415 2692 sperasse
441 2639 876 2695 Caesaraugustanos
898 2639 954 2682 ad
977 2639 1095 2681 diem
1128 2639 1247 2680 lunae
1281 2639 1479 2694 proxime
1501 2645 1666 2695 praete-

215 2709 365 2760 ritam,
392 2711 453 2753 ita
475 2718 524 2753 ut
546 2713 724 2755 credam
747 2712 874 2754 illum
900 2717 1004 2754 ante
1036 2715 1138 2754 octo
1169 2712 1239 2753 vel
1275 2712 1426 2754 decem
1456 2711 1550 2755 dies
1577 2726 1668 2756 non

216 2787 473 2833 venturum,
500 2784 700 2837 ideoque,
728 2784 773 2827 ni
797 2784 1006 2840 deinceps
1029 2783 1148 2826 aliud
1170 2783 1370 2835 audiero,
1396 2783 1571 2826 decrevi
1597 2784 1672 2828 hic

266 2935 317 2985 (ι)
367 2938 663 2985 Apographum
682 2938 834 2976 habito.
854 2938 1011 2976 Melius
1028 2938 1270 2976 scriberetur
1287 2950 1337 2975 ne
1355 2937 1394 2974 h.
