1786 3198
411 264 590 294 Amoust
619 264 815 295 vamasu
845 267 1039 296 mtrem
1067 267 1122 296 xt,
1151 268 1344 298 maon-az
1461 258 1546 310 389

133 341 219 388 lim
239 347 290 387 ut
321 343 423 386 Dns
453 341 690 386 Cornelius
718 343 974 399 dignaretur
1001 346 1158 389 adesse
1188 346 1235 389 in
1263 345 1453 402 prandio
1482 361 1590 391 eum
1644 345 1650 351 ”

139 415 263 467 Dn0,
287 415 360 462 uel
381 415 445 458 D.
470 417 529 459 V.
555 415 667 459 mihi
689 416 911 472 significet
933 432 1022 473 qua
1050 418 1159 461 hora
1184 419 1354 474 possim
1382 431 1593 464 commo-

133 487 239 533 dius
259 487 468 531 accedere
491 502 547 531 ne
569 487 633 531 illi
657 490 877 531 molestus
901 490 1004 533 sim.

201 560 263 604 D.
286 560 343 605 V.
365 560 554 604 servitor
574 560 879 604 deditissimus
903 563 1158 605 Valdesius.

183 703 392 742 Granatae
409 704 512 740 1526.

140 838 146 842 ’
193 849 411 907 Sigillum
432 862 591 892 cereum
610 849 802 892 rubrum.

201 1064 251 1110 S.
276 1070 322 1122 p'.
389 1067 537 1110 Deum
560 1065 880 1118 immortalem,
907 1072 1125 1123 quantum
1148 1082 1230 1123 ego
1251 1068 1331 1112 tibi
1353 1069 1504 1120 debeo,
1530 1069 1594 1113 mi

137 1128 373 1190 Dantisce,
398 1137 473 1194 qui
497 1138 828 1182 molestissimis
850 1141 1039 1195 negotiis
1061 1141 1271 1183 obrutum
1306 1155 1480 1184 recreas
1508 1155 1591 1185 no-

134 1209 208 1255 vis
241 1211 426 1254 subinde
466 1210 653 1254 deliciis,
688 1213 946 1267 Numquam
980 1212 1200 1256 mehercle
1228 1213 1468 1269 quicquam
1502 1212 1589 1256 hoc

131 1289 220 1348 tuo
240 1284 409 1340 hymno
435 1283 526 1327 vidi
554 1284 720 1327 rectius
747 1285 1157 1328 accommodatum.
1190 1285 1466 1328 Amanuensi
1496 1298 1588 1328 non

130 1357 438 1411 committam,
470 1357 549 1400 sed
582 1362 758 1411 meapte
786 1370 923 1399 manu
956 1357 1227 1413 descriptum
1258 1371 1391 1413 quem
1426 1356 1590 1400 misisti

132 1429 231 1489 igni
251 1430 444 1474 tradam.
470 1428 680 1473 Ceterum
703 1436 752 1473 tu
774 1430 867 1485 ipse
889 1430 1019 1473 facile
1046 1430 1263 1485 conjicere
1293 1436 1420 1485 potes
1441 1441 1580 1484 quam

131 1502 197 1546 sit
219 1502 331 1546 mihi
355 1501 723 1546 molestissimum
745 1503 863 1558 quod
885 1502 1142 1545 dulcissima
1162 1508 1241 1545 tua
1263 1501 1582 1544 consuetudine

137 1573 252 1618 mihi
273 1573 359 1616 frui
380 1588 470 1617 non
489 1573 638 1617 liceat.
662 1573 969 1617 Cancellarius
992 1575 1130 1617 mittit
1147 1573 1191 1616 in
1212 1573 1396 1615 Italiam
1414 1573 1586 1628 aliquot

131 1661 194 1690 ex
214 1646 324 1697 suiS,
349 1660 507 1702 meque
529 1646 623 1689 suis
646 1646 839 1702 negotiis
860 1653 1015 1689 enecat
1046 1653 1177 1702 atque
1204 1646 1268 1688 ita
1296 1646 1400 1688 huic
1428 1645 1585 1689 domui

131 1719 341 1775 alligavit
363 1725 415 1762 ut
436 1719 542 1762 hinc
562 1719 785 1762 discedere
807 1719 875 1762 fas
906 1733 995 1762 non
1029 1720 1104 1761 sit.
1142 1720 1311 1761 Forsan
1342 1718 1583 1772 aliquando

132 1790 316 1835 miseris
331 1790 531 1834 feliciora
547 1798 786 1847 sequentur
802 1798 1020 1847 tempora.
1040 1791 1169 1834 Vale.
1190 1789 1319 1832 Tuus
1336 1789 1588 1833 Valdesius.

200 1863 408 1919 Sigillum
428 1877 588 1905 cereum
609 1863 803 1906 rubrum.

199 1934 445 1978 Dantiscus
480 1934 526 1977 in
564 1935 736 1979 Baetica
778 1935 1014 1991 Hispaniae
1049 1934 1160 1977 XII.
1201 1932 1409 1976 Octobris
1449 1932 1584 1976 1526:

131 2006 446 2051 Cancellarius
468 2006 578 2049 mihi
600 2007 754 2050 retulit
774 2021 918 2063 nuper
937 2007 1054 2062 quod
1078 2006 1161 2048 sibi
1186 2006 1338 2049 Caesar
1355 2005 1493 2047 etiam
1516 2004 1584 2047 in·

128 2078 357 2135 junxisset
377 2085 426 2122 ut
457 2085 628 2122 statum
659 2086 703 2122 et
724 2094 942 2135 expensas
970 2094 1075 2122 suas
1102 2083 1318 2134 quantum
1342 2083 1489 2132 potest
1510 2089 1586 2120 ex·

131 2150 357 2196 tenuaret.
379 2153 483 2209 Quo
504 2151 671 2195 factum
695 2159 761 2196 eet
782 2153 899 2208 quod
922 2153 1069 2208 plures
1085 2151 1137 2194 de
1161 2150 1395 2204 nepotibus
1410 2155 1455 2192 et
1472 2148 1587 2192 ami-

129 2224 202 2268 cis
221 2225 316 2268 suis
338 2224 424 2267 hoc
446 2230 647 2280 tempore
668 2225 713 2268 in
739 2225 921 2269 Italiam
947 2224 1130 2268 miserit.
1155 2226 1274 2266 Acta
1295 2222 1583 2273 Tomiciana,

139 2296 278 2348 VIII,
298 2302 346 2355 p.
371 2296 478 2355 359.

197 2512 245 2557 S.
272 2527 316 2569 p.
383 2513 639 2558 Habuimus
661 2528 688 2556 a
710 2513 890 2557 Caesare
919 2512 1072 2555 villam
1102 2510 1288 2554 nomine
1310 2509 1509 2553 Covillas
1529 2508 1586 2552 de

127 2591 310 2628 :errata
330 2599 409 2641 pro
433 2586 631 2630 Domino
654 2585 1034 2629 Vicecancellario
1056 2598 1109 2626 ac
1128 2582 1360 2638 Imperiali
1384 2581 1584 2625 Cancel-

132 2657 261 2702 lari0.
284 2657 407 2702 Situs
426 2658 510 2701 loci
533 2658 725 2701 nimium
749 2659 912 2713 placet,
938 2663 1005 2699 est
1028 2656 1146 2698 enim
1170 2660 1342 2698 remota
1364 2655 1421 2697 ab
1444 2654 1582 2697 itine-

132 2743 200 2783 re,
226 2730 399 2773 distans
419 2737 633 2786 quattuor
653 2732 801 2774 leucas
824 2745 851 2773 a
883 2729 1085 2772 Palentia
1114 2734 1158 2770 et
1188 2727 1383 2782 quinque
1409 2727 1468 2769 ab
1496 2726 1583 2769 hoc

127 2803 315 2858 oppido,
336 2809 550 2858 praeterea
568 2804 702 2846 audio
723 2804 872 2845 locum
894 2815 991 2843 esse
1011 2799 1391 2843 amoenissimum.
1413 2799 1462 2842 Si
1487 2800 1583 2854 pla·

128 2881 257 2918 ceret
279 2876 372 2918 Dni
397 2876 454 2920 V.
473 2877 578 2919 illuc
601 2876 764 2926 venire,
790 2875 955 2917 curabo
976 2887 1054 2929 pro
1079 2879 1203 2927 parte
1221 2886 1323 2916 mea
1345 2879 1393 2915 ut
1415 2873 1581 2915 habeat

130 2946 382 3003 hospitium
412 2963 463 2991 ac
491 2948 644 2991 omnia
671 2948 759 2990 alia
789 2961 843 2990 ex
870 2946 1112 2989 sententia.
1140 2944 1350 2988 Arbitror
1380 2957 1464 2987 nos
1485 2957 1586 2987 eras
