<?xml version="1.0" encoding="UTF-8"?>
<!DOCTYPE html PUBLIC "-//W3C//DTD XHTML 1.0 Transitional//EN"
    "http://www.w3.org/TR/xhtml1/DTD/xhtml1-transitional.dtd">
<html xmlns="http://www.w3.org/1999/xhtml" xml:lang="en" lang="en">
 <head>
  <title>
</title>
<meta http-equiv="Content-Type" content="text/html;charset=utf-8" />
  <meta name='ocr-system' content='tesseract 3.04.00' />
  <meta name='ocr-capabilities' content='ocr_page ocr_carea ocr_par ocr_line ocrx_word'/>
</head>
<body>
  <div class='ocr_page' id='page_1' title='image "./homenajemennde01menuoft_0077.png"; bbox 0 0 1786 3198; ppageno 0'>
   <div class='ocr_carea' id='block_1_1' title="bbox 498 241 1556 289">
    <p class='ocr_par' dir='ltr' id='par_1_1' title="bbox 498 241 1556 289">
     <span class='ocr_line' id='line_1_1' title="bbox 498 241 1556 289; baseline 0 -11"><span class='ocrx_word' id='word_1_1' title='bbox 498 250 660 280; x_wconf 63' lang='lat' dir='ltr'>canus</span> <span class='ocrx_word' id='word_1_2' title='bbox 692 251 747 280; x_wconf 74' lang='grc' dir='ltr'>οε</span> <span class='ocrx_word' id='word_1_3' title='bbox 779 241 1004 288; x_wconf 53' lang='lat' dir='ltr'>nouorum</span> <span class='ocrx_word' id='word_1_4' title='bbox 1035 251 1060 278; x_wconf 86' lang='lat' dir='ltr'><strong>Y</strong></span> <span class='ocrx_word' id='word_1_5' title='bbox 1089 250 1252 278; x_wconf 64' lang='lat' dir='ltr'>eannzss</span> <span class='ocrx_word' id='word_1_6' title='bbox 1395 259 1398 262; x_wconf 88' lang='lat'><strong>·</strong></span> <span class='ocrx_word' id='word_1_7' title='bbox 1503 250 1556 289; x_wconf 85' lang='lat'>33</span> 
     </span>
    </p>
   </div>
   <div class='ocr_carea' id='block_1_2' title="bbox 814 506 954 575">
    <p class='ocr_par' dir='ltr' id='par_1_2' title="bbox 814 506 954 575">
     <span class='ocr_line' id='line_1_2' title="bbox 814 506 954 575; baseline 0.007 -1"><span class='ocrx_word' id='word_1_8' title='bbox 814 506 954 575; x_wconf 84' lang='lat' dir='ltr'>XV</span> 
     </span>
    </p>
   </div>
   <div class='ocr_carea' id='block_1_3' title="bbox 149 713 1616 938">
    <p class='ocr_par' dir='ltr' id='par_1_3' title="bbox 149 713 1616 938">
     <span class='ocr_line' id='line_1_3' title="bbox 149 713 1616 782; baseline 0.001 -18"><span class='ocrx_word' id='word_1_9' title='bbox 149 713 500 766; x_wconf 80' lang='lat' dir='ltr'>Illustrissimo</span> <span class='ocrx_word' id='word_1_10' title='bbox 518 719 563 763; x_wconf 77' lang='lat' dir='ltr'>et</span> <span class='ocrx_word' id='word_1_11' title='bbox 581 714 987 764; x_wconf 79' lang='lat' dir='ltr'>excellentissimo</span> <span class='ocrx_word' id='word_1_12' title='bbox 1013 715 1206 765; x_wconf 83' lang='lat' dir='ltr'>domino</span> <span class='ocrx_word' id='word_1_13' title='bbox 1230 715 1443 782; x_wconf 77' lang='lat' dir='ltr'>Gaspari</span> <span class='ocrx_word' id='word_1_14' title='bbox 1469 717 1531 765; x_wconf 91' lang='lat' dir='ltr'><em>M</em></span> <span class='ocrx_word' id='word_1_15' title='bbox 1531 733 1616 765; x_wconf 78' lang='lat' dir='ltr'>en-</span> 
     </span>
     <span class='ocr_line' id='line_1_4' title="bbox 216 792 1610 854; baseline -0.001 -11"><span class='ocrx_word' id='word_1_16' title='bbox 216 793 351 843; x_wconf 79' lang='lat' dir='ltr'>dozae</span> <span class='ocrx_word' id='word_1_17' title='bbox 374 792 650 843; x_wconf 80' lang='lat' dir='ltr'>marchioni</span> <span class='ocrx_word' id='word_1_18' title='bbox 674 793 732 841; x_wconf 79' lang='lat' dir='ltr'>de</span> <span class='ocrx_word' id='word_1_19' title='bbox 757 792 1055 852; x_wconf 70' lang='lat' dir='ltr'>Mondaxar,</span> <span class='ocrx_word' id='word_1_20' title='bbox 1085 794 1249 843; x_wconf 81' lang='lat' dir='ltr'>comiti</span> <span class='ocrx_word' id='word_1_21' title='bbox 1276 794 1334 842; x_wconf 79' lang='lat' dir='ltr'>de</span> <span class='ocrx_word' id='word_1_22' title='bbox 1362 793 1610 854; x_wconf 78' lang='lat' dir='ltr'>Tendilla,</span> 
     </span>
     <span class='ocr_line' id='line_1_5' title="bbox 216 871 1363 938; baseline 0.001 -17"><span class='ocrx_word' id='word_1_23' title='bbox 216 871 492 938; x_wconf 75' lang='lat' dir='ltr'><em>Stephanus</em></span> <span class='ocrx_word' id='word_1_24' title='bbox 518 871 762 922; x_wconf 78' lang='lat' dir='ltr'>Baluzius</span> <span class='ocrx_word' id='word_1_25' title='bbox 794 871 1088 921; x_wconf 78' lang='lat' dir='ltr'>Tutelensz&#39;S.</span> <span class='ocrx_word' id='word_1_26' title='bbox 1117 872 1174 921; x_wconf 87' lang='lat' dir='ltr'>S.</span> <span class='ocrx_word' id='word_1_27' title='bbox 1202 873 1264 921; x_wconf 83' lang='lat' dir='ltr'>P.</span> <span class='ocrx_word' id='word_1_28' title='bbox 1295 875 1363 922; x_wconf 89' lang='lat' dir='ltr'>D.</span> 
     </span>
    </p>
   </div>
   <div class='ocr_carea' id='block_1_4' title="bbox 146 1058 1618 1649">
    <p class='ocr_par' dir='ltr' id='par_1_4' title="bbox 146 1058 1618 1649">
     <span class='ocr_line' id='line_1_6' title="bbox 204 1058 1618 1114; baseline 0.002 -14"><span class='ocrx_word' id='word_1_29' title='bbox 204 1058 290 1100; x_wconf 89' lang='lat' dir='ltr'>Die</span> <span class='ocrx_word' id='word_1_30' title='bbox 301 1065 399 1102; x_wconf 85' lang='lat' dir='ltr'>ante</span> <span class='ocrx_word' id='word_1_31' title='bbox 417 1073 492 1100; x_wconf 80' lang='lat' dir='ltr'>xiv</span> <span class='ocrx_word' id='word_1_32' title='bbox 511 1059 598 1100; x_wconf 78' lang='lat' dir='ltr'>kal.</span> <span class='ocrx_word' id='word_1_33' title='bbox 615 1058 903 1114; x_wconf 89' lang='lat' dir='ltr'>Januariarum</span> <span class='ocrx_word' id='word_1_34' title='bbox 918 1058 1059 1100; x_wconf 85' lang='lat' dir='ltr'>literas</span> <span class='ocrx_word' id='word_1_35' title='bbox 1074 1060 1126 1100; x_wconf 88' lang='lat' dir='ltr'>ad</span> <span class='ocrx_word' id='word_1_36' title='bbox 1144 1068 1183 1100; x_wconf 90' lang='lat' dir='ltr'>te</span> <span class='ocrx_word' id='word_1_37' title='bbox 1201 1061 1315 1109; x_wconf 88' lang='lat' dir='ltr'>dedi,</span> <span class='ocrx_word' id='word_1_38' title='bbox 1334 1061 1618 1103; x_wconf 87' lang='lat' dir='ltr'>Excellentis-</span> 
     </span>
     <span class='ocr_line' id='line_1_7' title="bbox 149 1124 1614 1180; baseline 0.001 -12"><span class='ocrx_word' id='word_1_39' title='bbox 149 1124 257 1168; x_wconf 82' lang='lat' dir='ltr'>sime</span> <span class='ocrx_word' id='word_1_40' title='bbox 274 1125 474 1174; x_wconf 87' lang='lat' dir='ltr'>Domine,</span> <span class='ocrx_word' id='word_1_41' title='bbox 497 1125 540 1166; x_wconf 91' lang='lat' dir='ltr'>in</span> <span class='ocrx_word' id='word_1_42' title='bbox 560 1126 715 1180; x_wconf 90' lang='lat' dir='ltr'>quibus</span> <span class='ocrx_word' id='word_1_43' title='bbox 733 1134 775 1168; x_wconf 86' lang='lat' dir='ltr'>et</span> <span class='ocrx_word' id='word_1_44' title='bbox 795 1127 871 1168; x_wconf 90' lang='lat' dir='ltr'>tibi</span> <span class='ocrx_word' id='word_1_45' title='bbox 892 1127 1095 1168; x_wconf 87' lang='lat' dir='ltr'>rationem</span> <span class='ocrx_word' id='word_1_46' title='bbox 1122 1128 1349 1170; x_wconf 86' lang='lat' dir='ltr'>reddebam</span> <span class='ocrx_word' id='word_1_47' title='bbox 1378 1128 1614 1170; x_wconf 89' lang='lat' dir='ltr'>studiorum</span> 
     </span>
     <span class='ocr_line' id='line_1_8' title="bbox 149 1193 1616 1248; baseline 0.001 -14"><span class='ocrx_word' id='word_1_48' title='bbox 149 1205 354 1243; x_wconf 88' lang='lat' dir='ltr'>meorum,</span> <span class='ocrx_word' id='word_1_49' title='bbox 370 1199 419 1234; x_wconf 88' lang='lat' dir='ltr'>ut</span> <span class='ocrx_word' id='word_1_50' title='bbox 438 1193 736 1246; x_wconf 84' lang='lat' dir='ltr'>imperaveras,</span> <span class='ocrx_word' id='word_1_51' title='bbox 751 1193 960 1248; x_wconf 81' lang='lat' dir='ltr'>simulque</span> <span class='ocrx_word' id='word_1_52' title='bbox 977 1195 1200 1236; x_wconf 88' lang='lat' dir='ltr'>monebam</span> <span class='ocrx_word' id='word_1_53' title='bbox 1221 1209 1287 1236; x_wconf 90' lang='lat' dir='ltr'>me</span> <span class='ocrx_word' id='word_1_54' title='bbox 1297 1196 1383 1248; x_wconf 86' lang='lat' dir='ltr'>jam</span> <span class='ocrx_word' id='word_1_55' title='bbox 1403 1195 1475 1236; x_wconf 90' lang='lat' dir='ltr'>diu</span> <span class='ocrx_word' id='word_1_56' title='bbox 1497 1196 1616 1248; x_wconf 89' lang='lat' dir='ltr'>Lug·</span> 
     </span>
     <span class='ocr_line' id='line_1_9' title="bbox 147 1259 1615 1314; baseline 0.001 -12"><span class='ocrx_word' id='word_1_57' title='bbox 147 1259 311 1302; x_wconf 86' lang='lat' dir='ltr'>dunum</span> <span class='ocrx_word' id='word_1_58' title='bbox 329 1259 387 1301; x_wconf 81' lang='lat' dir='ltr'>ad</span> <span class='ocrx_word' id='word_1_59' title='bbox 405 1259 680 1301; x_wconf 87' lang='lat' dir='ltr'>Anissonium</span> <span class='ocrx_word' id='word_1_60' title='bbox 699 1260 977 1314; x_wconf 78' lang='lat' dir='ltr'>bibliopolam</span> <span class='ocrx_word' id='word_1_61' title='bbox 1010 1261 1174 1302; x_wconf 78' lang='lat' dir='ltr'>misisse</span> <span class='ocrx_word' id='word_1_62' title='bbox 1203 1275 1357 1303; x_wconf 86' lang='lat' dir='ltr'>novam</span> <span class='ocrx_word' id='word_1_63' title='bbox 1385 1262 1615 1303; x_wconf 86' lang='lat' dir='ltr'>editionem</span> 
     </span>
     <span class='ocr_line' id='line_1_10' title="bbox 148 1325 1615 1383; baseline 0.003 -16"><span class='ocrx_word' id='word_1_64' title='bbox 148 1325 423 1383; x_wconf 81' lang='lat' dir='ltr'>epistolarum</span> <span class='ocrx_word' id='word_1_65' title='bbox 455 1327 691 1369; x_wconf 86' lang='lat' dir='ltr'>Innocentii</span> <span class='ocrx_word' id='word_1_66' title='bbox 727 1328 790 1369; x_wconf 93' lang='lat'>111</span> <span class='ocrx_word' id='word_1_67' title='bbox 822 1328 985 1369; x_wconf 88' lang='lat' dir='ltr'>romani</span> <span class='ocrx_word' id='word_1_68' title='bbox 1018 1329 1246 1382; x_wconf 84' lang='lat' dir='ltr'>pontificis.</span> <span class='ocrx_word' id='word_1_69' title='bbox 1285 1329 1354 1370; x_wconf 86' lang='lat' dir='ltr'>Ex</span> <span class='ocrx_word' id='word_1_70' title='bbox 1387 1328 1442 1370; x_wconf 91' lang='lat' dir='ltr'>iis</span> <span class='ocrx_word' id='word_1_71' title='bbox 1475 1336 1615 1371; x_wconf 88' lang='lat' dir='ltr'>autem</span> 
     </span>
     <span class='ocr_line' id='line_1_11' title="bbox 147 1393 1616 1450; baseline 0.001 -14"><span class='ocrx_word' id='word_1_72' title='bbox 147 1407 254 1447; x_wconf 82' lang='lat' dir='ltr'>quas</span> <span class='ocrx_word' id='word_1_73' title='bbox 273 1398 320 1435; x_wconf 91' lang='lat' dir='ltr'>tu</span> <span class='ocrx_word' id='word_1_74' title='bbox 338 1393 393 1435; x_wconf 88' lang='lat' dir='ltr'>ad</span> <span class='ocrx_word' id='word_1_75' title='bbox 413 1406 482 1434; x_wconf 91' lang='lat' dir='ltr'>me</span> <span class='ocrx_word' id='word_1_76' title='bbox 508 1393 718 1448; x_wconf 85' lang='lat' dir='ltr'>scripsisti</span> <span class='ocrx_word' id='word_1_77' title='bbox 738 1395 807 1435; x_wconf 90' lang='lat' dir='ltr'>die</span> <span class='ocrx_word' id='word_1_78' title='bbox 829 1394 1011 1448; x_wconf 85' lang='lat' dir='ltr'>septima</span> <span class='ocrx_word' id='word_1_79' title='bbox 1041 1395 1198 1436; x_wconf 86' lang='lat' dir='ltr'>mensis</span> <span class='ocrx_word' id='word_1_80' title='bbox 1227 1395 1389 1449; x_wconf 83' lang='lat' dir='ltr'>aprilis,</span> <span class='ocrx_word' id='word_1_81' title='bbox 1412 1410 1517 1450; x_wconf 89' lang='lat' dir='ltr'>quas</span> <span class='ocrx_word' id='word_1_82' title='bbox 1535 1410 1616 1438; x_wconf 90' lang='lat' dir='ltr'>nu-</span> 
     </span>
     <span class='ocr_line' id='line_1_12' title="bbox 146 1459 1618 1517; baseline 0.001 -15"><span class='ocrx_word' id='word_1_83' title='bbox 146 1473 223 1514; x_wconf 86' lang='lat' dir='ltr'>per</span> <span class='ocrx_word' id='word_1_84' title='bbox 251 1459 415 1514; x_wconf 82' lang='lat' dir='ltr'>accepi.</span> <span class='ocrx_word' id='word_1_85' title='bbox 447 1459 643 1514; x_wconf 87' lang='lat' dir='ltr'>intelligo</span> <span class='ocrx_word' id='word_1_86' title='bbox 671 1474 790 1503; x_wconf 86' lang='lat' dir='ltr'>meas</span> <span class='ocrx_word' id='word_1_87' title='bbox 816 1462 871 1503; x_wconf 91' lang='lat' dir='ltr'>ad</span> <span class='ocrx_word' id='word_1_88' title='bbox 902 1468 943 1502; x_wconf 93' lang='lat' dir='ltr'>te</span> <span class='ocrx_word' id='word_1_89' title='bbox 973 1475 1058 1503; x_wconf 90' lang='lat' dir='ltr'>non</span> <span class='ocrx_word' id='word_1_90' title='bbox 1087 1463 1345 1515; x_wconf 89' lang='lat' dir='ltr'>pervenisse,</span> <span class='ocrx_word' id='word_1_91' title='bbox 1369 1463 1515 1503; x_wconf 67' lang='lat' dir='ltr'>neseio</span> <span class='ocrx_word' id='word_1_92' title='bbox 1533 1476 1618 1517; x_wconf 91' lang='lat' dir='ltr'>quo</span> 
     </span>
     <span class='ocr_line' id='line_1_13' title="bbox 146 1525 1617 1582; baseline 0.001 -14"><span class='ocrx_word' id='word_1_93' title='bbox 146 1525 252 1579; x_wconf 76' lang='lat' dir='ltr'>fato,</span> <span class='ocrx_word' id='word_1_94' title='bbox 280 1539 378 1568; x_wconf 88' lang='lat' dir='ltr'>cum</span> <span class='ocrx_word' id='word_1_95' title='bbox 406 1526 570 1569; x_wconf 86' lang='lat' dir='ltr'>traditae</span> <span class='ocrx_word' id='word_1_96' title='bbox 596 1527 734 1568; x_wconf 81' lang='lat' dir='ltr'>furent</span> <span class='ocrx_word' id='word_1_97' title='bbox 764 1527 940 1570; x_wconf 88' lang='lat' dir='ltr'>domino</span> <span class='ocrx_word' id='word_1_98' title='bbox 970 1530 1149 1570; x_wconf 90' lang='lat' dir='ltr'>Pelloto.</span> <span class='ocrx_word' id='word_1_99' title='bbox 1188 1530 1285 1570; x_wconf 84' lang='lat' dir='ltr'>Non</span> <span class='ocrx_word' id='word_1_100' title='bbox 1312 1530 1459 1582; x_wconf 84' lang='lat' dir='ltr'>accepi</span> <span class='ocrx_word' id='word_1_101' title='bbox 1491 1529 1617 1571; x_wconf 87' lang='lat' dir='ltr'>etiam</span> 
     </span>
     <span class='ocr_line' id='line_1_14' title="bbox 146 1593 1618 1649; baseline 0 -13"><span class='ocrx_word' id='word_1_102' title='bbox 146 1606 258 1648; x_wconf 81' lang='lat' dir='ltr'>opus</span> <span class='ocrx_word' id='word_1_103' title='bbox 289 1598 424 1640; x_wconf 88' lang='lat' dir='ltr'>tuum,</span> <span class='ocrx_word' id='word_1_104' title='bbox 452 1593 739 1636; x_wconf 86' lang='lat' dir='ltr'>eruditissime</span> <span class='ocrx_word' id='word_1_105' title='bbox 771 1594 851 1643; x_wconf 89' lang='lat' dir='ltr'>vir,</span> <span class='ocrx_word' id='word_1_106' title='bbox 884 1595 938 1636; x_wconf 91' lang='lat' dir='ltr'>de</span> <span class='ocrx_word' id='word_1_107' title='bbox 971 1595 1271 1648; x_wconf 80' lang='lat' dir='ltr'>praedicatione</span> <span class='ocrx_word' id='word_1_108' title='bbox 1305 1595 1439 1636; x_wconf 88' lang='lat' dir='ltr'>sancti</span> <span class='ocrx_word' id='word_1_109' title='bbox 1469 1596 1618 1649; x_wconf 87' lang='lat' dir='ltr'>Jacobi</span> 
     </span>
    </p>
   </div>
   <div class='ocr_carea' id='block_1_5' title="bbox 81 1659 1618 1716">
    <p class='ocr_par' dir='ltr' id='par_1_5' title="bbox 81 1659 1618 1716">
     <span class='ocr_line' id='line_1_15' title="bbox 81 1659 1618 1716; baseline -0.001 -12"><span class='ocrx_word' id='word_1_110' title='bbox 81 1701 85 1704; x_wconf 87' lang='lat'>.</span> <span class='ocrx_word' id='word_1_111' title='bbox 145 1659 332 1715; x_wconf 84' lang='lat' dir='ltr'>apostoli</span> <span class='ocrx_word' id='word_1_112' title='bbox 353 1661 398 1702; x_wconf 87' lang='lat' dir='ltr'>in</span> <span class='ocrx_word' id='word_1_113' title='bbox 418 1660 644 1714; x_wconf 84' lang='lat' dir='ltr'>Hispania,</span> <span class='ocrx_word' id='word_1_114' title='bbox 667 1663 789 1715; x_wconf 90' lang='lat' dir='ltr'>cujus</span> <span class='ocrx_word' id='word_1_115' title='bbox 808 1664 1024 1716; x_wconf 85' lang='lat' dir='ltr'>exemplar</span> <span class='ocrx_word' id='word_1_116' title='bbox 1043 1663 1096 1703; x_wconf 88' lang='lat' dir='ltr'>ad</span> <span class='ocrx_word' id='word_1_117' title='bbox 1118 1676 1184 1703; x_wconf 87' lang='lat' dir='ltr'>me</span> <span class='ocrx_word' id='word_1_118' title='bbox 1207 1663 1460 1704; x_wconf 89' lang='lat' dir='ltr'>mittendum</span> <span class='ocrx_word' id='word_1_119' title='bbox 1482 1663 1618 1705; x_wconf 86' lang='lat' dir='ltr'>tradi-</span> 
     </span>
    </p>
   </div>
   <div class='ocr_carea' id='block_1_6' title="bbox 140 1726 1618 2714">
    <p class='ocr_par' dir='ltr' id='par_1_6' title="bbox 146 1726 1160 1784">
     <span class='ocr_line' id='line_1_16' title="bbox 146 1726 1160 1784; baseline 0.003 -16"><span class='ocrx_word' id='word_1_120' title='bbox 146 1726 264 1772; x_wconf 86' lang='lat' dir='ltr'>disse</span> <span class='ocrx_word' id='word_1_121' title='bbox 282 1733 326 1768; x_wconf 84' lang='lat' dir='ltr'>te</span> <span class='ocrx_word' id='word_1_122' title='bbox 343 1727 409 1768; x_wconf 89' lang='lat' dir='ltr'>ais</span> <span class='ocrx_word' id='word_1_123' title='bbox 427 1728 568 1781; x_wconf 88' lang='lat' dir='ltr'>legato</span> <span class='ocrx_word' id='word_1_124' title='bbox 587 1729 697 1782; x_wconf 89' lang='lat' dir='ltr'>regis</span> <span class='ocrx_word' id='word_1_125' title='bbox 715 1730 849 1772; x_wconf 89' lang='lat' dir='ltr'>nostri</span> <span class='ocrx_word' id='word_1_126' title='bbox 869 1731 913 1771; x_wconf 91' lang='lat' dir='ltr'>in</span> <span class='ocrx_word' id='word_1_127' title='bbox 934 1731 1160 1784; x_wconf 85' lang='lat' dir='ltr'>Hispania.</span> 
     </span>
    </p>

    <p class='ocr_par' dir='ltr' id='par_1_7' title="bbox 140 1794 1618 2714">
     <span class='ocr_line' id='line_1_17' title="bbox 202 1794 1616 1850; baseline 0.001 -14"><span class='ocrx_word' id='word_1_128' title='bbox 202 1794 351 1837; x_wconf 88' lang='lat' dir='ltr'>Redeo</span> <span class='ocrx_word' id='word_1_129' title='bbox 370 1808 483 1836; x_wconf 89' lang='lat' dir='ltr'>nunc</span> <span class='ocrx_word' id='word_1_130' title='bbox 501 1795 556 1836; x_wconf 89' lang='lat' dir='ltr'>ad</span> <span class='ocrx_word' id='word_1_131' title='bbox 576 1795 814 1838; x_wconf 81' lang='lat' dir='ltr'>studiorum</span> <span class='ocrx_word' id='word_1_132' title='bbox 840 1809 1027 1838; x_wconf 89' lang='lat' dir='ltr'>meorum</span> <span class='ocrx_word' id='word_1_133' title='bbox 1049 1796 1318 1844; x_wconf 90' lang='lat' dir='ltr'>mentionem,</span> <span class='ocrx_word' id='word_1_134' title='bbox 1343 1795 1616 1850; x_wconf 85' lang='lat' dir='ltr'>quandoqui-</span> 
     </span>
     <span class='ocr_line' id='line_1_18' title="bbox 146 1861 1615 1916; baseline 0.001 -13"><span class='ocrx_word' id='word_1_135' title='bbox 146 1861 245 1903; x_wconf 88' lang='lat' dir='ltr'>dem</span> <span class='ocrx_word' id='word_1_136' title='bbox 265 1874 430 1903; x_wconf 83' lang='lat' dir='ltr'>rursum</span> <span class='ocrx_word' id='word_1_137' title='bbox 446 1861 573 1915; x_wconf 91' lang='lat' dir='ltr'>jubes</span> <span class='ocrx_word' id='word_1_138' title='bbox 593 1868 639 1902; x_wconf 92' lang='lat' dir='ltr'>ut</span> <span class='ocrx_word' id='word_1_139' title='bbox 659 1875 804 1902; x_wconf 90' lang='lat' dir='ltr'>eorum</span> <span class='ocrx_word' id='word_1_140' title='bbox 824 1862 1027 1904; x_wconf 87' lang='lat' dir='ltr'>rationem</span> <span class='ocrx_word' id='word_1_141' title='bbox 1049 1863 1125 1903; x_wconf 88' lang='lat' dir='ltr'>tibi</span> <span class='ocrx_word' id='word_1_142' title='bbox 1145 1863 1333 1906; x_wconf 86' lang='lat' dir='ltr'>reddam.</span> <span class='ocrx_word' id='word_1_143' title='bbox 1356 1862 1504 1904; x_wconf 90' lang='lat' dir='ltr'>Editio</span> <span class='ocrx_word' id='word_1_144' title='bbox 1522 1864 1615 1916; x_wconf 87' lang='lat' dir='ltr'>pri—</span> 
     </span>
     <span class='ocr_line' id='line_1_19' title="bbox 146 1925 1618 1971; baseline 0.001 -2"><span class='ocrx_word' id='word_1_145' title='bbox 146 1927 207 1969; x_wconf 88' lang='lat' dir='ltr'>mi</span> <span class='ocrx_word' id='word_1_146' title='bbox 229 1925 337 1968; x_wconf 87' lang='lat' dir='ltr'>tomi</span> <span class='ocrx_word' id='word_1_147' title='bbox 362 1940 551 1968; x_wconf 90' lang='lat' dir='ltr'>meorum</span> <span class='ocrx_word' id='word_1_148' title='bbox 576 1928 867 1969; x_wconf 90' lang='lat' dir='ltr'>Conciliorum</span> <span class='ocrx_word' id='word_1_149' title='bbox 886 1929 970 1970; x_wconf 83' lang='lat' dir='ltr'>fere</span> <span class='ocrx_word' id='word_1_150' title='bbox 998 1930 1193 1970; x_wconf 90' lang='lat' dir='ltr'>absoluta</span> <span class='ocrx_word' id='word_1_151' title='bbox 1212 1936 1277 1971; x_wconf 88' lang='lat' dir='ltr'>est</span> <span class='ocrx_word' id='word_1_152' title='bbox 1303 1936 1344 1970; x_wconf 88' lang='lat' dir='ltr'>et</span> <span class='ocrx_word' id='word_1_153' title='bbox 1370 1930 1618 1971; x_wconf 88' lang='lat' dir='ltr'>absolvetur</span> 
     </span>
     <span class='ocr_line' id='line_1_20' title="bbox 145 1993 1613 2049; baseline 0.002 -15"><span class='ocrx_word' id='word_1_154' title='bbox 145 1993 343 2048; x_wconf 84' lang='lat' dir='ltr'>proximo</span> <span class='ocrx_word' id='word_1_155' title='bbox 362 2006 508 2035; x_wconf 88' lang='lat' dir='ltr'>mense</span> <span class='ocrx_word' id='word_1_156' title='bbox 526 2001 722 2048; x_wconf 88' lang='lat' dir='ltr'>augusto.</span> <span class='ocrx_word' id='word_1_157' title='bbox 755 1996 903 2048; x_wconf 87' lang='lat' dir='ltr'>Nuper</span> <span class='ocrx_word' id='word_1_158' title='bbox 921 2002 1062 2037; x_wconf 88' lang='lat' dir='ltr'>autem</span> <span class='ocrx_word' id='word_1_159' title='bbox 1082 1996 1261 2037; x_wconf 88' lang='lat' dir='ltr'>emissus</span> <span class='ocrx_word' id='word_1_160' title='bbox 1280 2003 1343 2037; x_wconf 92' lang='lat' dir='ltr'>est</span> <span class='ocrx_word' id='word_1_161' title='bbox 1363 2004 1536 2049; x_wconf 88' lang='lat' dir='ltr'>quartus</span> <span class='ocrx_word' id='word_1_162' title='bbox 1555 1996 1613 2037; x_wconf 90' lang='lat' dir='ltr'>li-</span> 
     </span>
     <span class='ocr_line' id='line_1_21' title="bbox 147 2059 1609 2116; baseline 0.001 -14"><span class='ocrx_word' id='word_1_163' title='bbox 147 2060 220 2102; x_wconf 83' lang='lat' dir='ltr'>ber</span> <span class='ocrx_word' id='word_1_164' title='bbox 237 2059 581 2101; x_wconf 69' lang='lat' dir='ltr'>Misccuanaorum</span> <span class='ocrx_word' id='word_1_165' title='bbox 611 2074 800 2103; x_wconf 90' lang='lat' dir='ltr'>meorum</span> <span class='ocrx_word' id='word_1_166' title='bbox 824 2064 893 2111; x_wconf 84' lang='lat'>(1),</span> <span class='ocrx_word' id='word_1_167' title='bbox 916 2062 983 2114; x_wconf 91' lang='lat' dir='ltr'>cuj</span> <span class='ocrx_word' id='word_1_168' title='bbox 992 2077 1040 2104; x_wconf 92' lang='lat' dir='ltr'>us</span> <span class='ocrx_word' id='word_1_169' title='bbox 1068 2064 1287 2116; x_wconf 85' lang='lat' dir='ltr'>exemplar</span> <span class='ocrx_word' id='word_1_170' title='bbox 1305 2063 1360 2104; x_wconf 89' lang='lat' dir='ltr'>ad</span> <span class='ocrx_word' id='word_1_171' title='bbox 1378 2069 1420 2104; x_wconf 83' lang='lat' dir='ltr'>te</span> <span class='ocrx_word' id='word_1_172' title='bbox 1439 2063 1609 2104; x_wconf 89' lang='lat' dir='ltr'>mitten-</span> 
     </span>
     <span class='ocr_line' id='line_1_22' title="bbox 143 2126 1617 2177; baseline 0.003 -9"><span class='ocrx_word' id='word_1_173' title='bbox 143 2128 263 2177; x_wconf 90' lang='lat' dir='ltr'>dum,</span> <span class='ocrx_word' id='word_1_174' title='bbox 290 2126 664 2169; x_wconf 83' lang='lat' dir='ltr'>Excellentissime</span> <span class='ocrx_word' id='word_1_175' title='bbox 694 2130 892 2177; x_wconf 89' lang='lat' dir='ltr'>Domine,</span> <span class='ocrx_word' id='word_1_176' title='bbox 928 2130 1087 2171; x_wconf 89' lang='lat' dir='ltr'>tradidi</span> <span class='ocrx_word' id='word_1_177' title='bbox 1116 2130 1304 2171; x_wconf 88' lang='lat' dir='ltr'>Domino</span> <span class='ocrx_word' id='word_1_178' title='bbox 1334 2131 1501 2172; x_wconf 90' lang='lat' dir='ltr'>Pelloto</span> <span class='ocrx_word' id='word_1_179' title='bbox 1530 2145 1617 2172; x_wconf 87' lang='lat' dir='ltr'>una</span> 
     </span>
     <span class='ocr_line' id='line_1_23' title="bbox 144 2193 1609 2250; baseline 0.002 -15"><span class='ocrx_word' id='word_1_180' title='bbox 144 2207 244 2235; x_wconf 88' lang='lat' dir='ltr'>cum</span> <span class='ocrx_word' id='word_1_181' title='bbox 261 2193 381 2235; x_wconf 88' lang='lat' dir='ltr'>libris</span> <span class='ocrx_word' id='word_1_182' title='bbox 401 2195 588 2248; x_wconf 88' lang='lat' dir='ltr'>Bosquet</span> <span class='ocrx_word' id='word_1_183' title='bbox 607 2203 647 2235; x_wconf 88' lang='lat' dir='ltr'>et</span> <span class='ocrx_word' id='word_1_184' title='bbox 667 2196 847 2249; x_wconf 85' lang='lat' dir='ltr'>Launoy</span> <span class='ocrx_word' id='word_1_185' title='bbox 868 2210 975 2250; x_wconf 91' lang='lat' dir='ltr'>quos</span> <span class='ocrx_word' id='word_1_186' title='bbox 994 2210 1018 2237; x_wconf 89' lang='lat' dir='ltr'>a</span> <span class='ocrx_word' id='word_1_187' title='bbox 1038 2210 1105 2236; x_wconf 91' lang='lat' dir='ltr'>me</span> <span class='ocrx_word' id='word_1_188' title='bbox 1120 2197 1421 2249; x_wconf 89' lang='lat' dir='ltr'>postulaveras.</span> <span class='ocrx_word' id='word_1_189' title='bbox 1444 2197 1609 2238; x_wconf 89' lang='lat' dir='ltr'>Eodem</span> 
     </span>
     <span class='ocr_line' id='line_1_24' title="bbox 145 2261 1614 2317; baseline 0.001 -15"><span class='ocrx_word' id='word_1_190' title='bbox 145 2266 335 2315; x_wconf 83' lang='lat' dir='ltr'>tempore</span> <span class='ocrx_word' id='word_1_191' title='bbox 363 2262 403 2302; x_wconf 89' lang='lat' dir='ltr'>ei</span> <span class='ocrx_word' id='word_1_192' title='bbox 433 2261 585 2303; x_wconf 87' lang='lat' dir='ltr'>tradidi</span> <span class='ocrx_word' id='word_1_193' title='bbox 615 2263 724 2303; x_wconf 92' lang='lat' dir='ltr'>duos</span> <span class='ocrx_word' id='word_1_194' title='bbox 752 2262 923 2303; x_wconf 64' lang='lat' dir='ltr'>codices</span> <span class='ocrx_word' id='word_1_195' title='bbox 952 2263 1225 2303; x_wconf 88' lang='lat' dir='ltr'>conciliorum</span> <span class='ocrx_word' id='word_1_196' title='bbox 1255 2261 1474 2316; x_wconf 85' lang='lat' dir='ltr'>Hispaniae</span> <span class='ocrx_word' id='word_1_197' title='bbox 1503 2277 1614 2317; x_wconf 85' lang='lat' dir='ltr'>quos</span> 
     </span>
     <span class='ocr_line' id='line_1_25' title="bbox 142 2327 1612 2382; baseline -0.001 -13"><span class='ocrx_word' id='word_1_198' title='bbox 142 2340 222 2382; x_wconf 87' lang='lat' dir='ltr'>pro</span> <span class='ocrx_word' id='word_1_199' title='bbox 239 2334 312 2369; x_wconf 85' lang='lat' dir='ltr'>tua</span> <span class='ocrx_word' id='word_1_200' title='bbox 340 2327 543 2382; x_wconf 85' lang='lat' dir='ltr'>singulari</span> <span class='ocrx_word' id='word_1_201' title='bbox 564 2329 825 2370; x_wconf 87' lang='lat' dir='ltr'>humanitate</span> <span class='ocrx_word' id='word_1_202' title='bbox 845 2330 899 2370; x_wconf 93' lang='lat' dir='ltr'>ad</span> <span class='ocrx_word' id='word_1_203' title='bbox 928 2343 995 2370; x_wconf 90' lang='lat' dir='ltr'>me</span> <span class='ocrx_word' id='word_1_204' title='bbox 1025 2329 1215 2376; x_wconf 89' lang='lat' dir='ltr'>miseras,</span> <span class='ocrx_word' id='word_1_205' title='bbox 1237 2327 1282 2368; x_wconf 90' lang='lat' dir='ltr'>in</span> <span class='ocrx_word' id='word_1_206' title='bbox 1301 2328 1456 2381; x_wconf 89' lang='lat' dir='ltr'>quibus</span> <span class='ocrx_word' id='word_1_207' title='bbox 1475 2330 1612 2381; x_wconf 84' lang='lat' dir='ltr'>reperi</span> 
     </span>
     <span class='ocr_line' id='line_1_26' title="bbox 142 2394 1604 2448; baseline 0.001 -13"><span class='ocrx_word' id='word_1_208' title='bbox 142 2394 347 2436; x_wconf 86' lang='lat' dir='ltr'>nonnulla</span> <span class='ocrx_word' id='word_1_209' title='bbox 375 2408 470 2448; x_wconf 83' lang='lat' dir='ltr'>quae</span> <span class='ocrx_word' id='word_1_210' title='bbox 499 2407 577 2435; x_wconf 87' lang='lat' dir='ltr'>suo</span> <span class='ocrx_word' id='word_1_211' title='bbox 596 2397 691 2436; x_wconf 90' lang='lat' dir='ltr'>loco</span> <span class='ocrx_word' id='word_1_212' title='bbox 711 2395 936 2445; x_wconf 88' lang='lat' dir='ltr'>dabuntur,</span> <span class='ocrx_word' id='word_1_213' title='bbox 956 2395 1200 2442; x_wconf 84' lang='lat' dir='ltr'>honorifica,</span> <span class='ocrx_word' id='word_1_214' title='bbox 1223 2400 1269 2435; x_wconf 91' lang='lat' dir='ltr'>ut</span> <span class='ocrx_word' id='word_1_215' title='bbox 1289 2407 1364 2448; x_wconf 90' lang='lat' dir='ltr'>par</span> <span class='ocrx_word' id='word_1_216' title='bbox 1381 2402 1461 2444; x_wconf 87' lang='lat' dir='ltr'>est,</span> <span class='ocrx_word' id='word_1_217' title='bbox 1483 2409 1604 2436; x_wconf 89' lang='lat' dir='ltr'>men-</span> 
     </span>
     <span class='ocr_line' id='line_1_27' title="bbox 143 2459 1609 2516; baseline -0.001 -15"><span class='ocrx_word' id='word_1_218' title='bbox 143 2459 259 2502; x_wconf 86' lang='lat' dir='ltr'>tione</span> <span class='ocrx_word' id='word_1_219' title='bbox 285 2459 396 2501; x_wconf 83' lang='lat' dir='ltr'>facta</span> <span class='ocrx_word' id='word_1_220' title='bbox 424 2460 620 2502; x_wconf 84' lang='lat' dir='ltr'>codicum</span> <span class='ocrx_word' id='word_1_221' title='bbox 650 2462 763 2503; x_wconf 90' lang='lat' dir='ltr'>unde</span> <span class='ocrx_word' id='word_1_222' title='bbox 791 2462 954 2516; x_wconf 90' lang='lat' dir='ltr'>accepti</span> <span class='ocrx_word' id='word_1_223' title='bbox 984 2467 1095 2502; x_wconf 87' lang='lat' dir='ltr'>sunt.</span> <span class='ocrx_word' id='word_1_224' title='bbox 1129 2460 1197 2500; x_wconf 92' lang='lat' dir='ltr'>Tu</span> <span class='ocrx_word' id='word_1_225' title='bbox 1219 2459 1381 2502; x_wconf 90' lang='lat' dir='ltr'>interim</span> <span class='ocrx_word' id='word_1_226' title='bbox 1401 2462 1511 2509; x_wconf 88' lang='lat' dir='ltr'>vale,</span> <span class='ocrx_word' id='word_1_227' title='bbox 1543 2461 1609 2501; x_wconf 89' lang='lat' dir='ltr'>vir</span> 
     </span>
     <span class='ocr_line' id='line_1_28' title="bbox 142 2525 1605 2579; baseline 0.001 -12"><span class='ocrx_word' id='word_1_228' title='bbox 142 2525 404 2575; x_wconf 86' lang='lat' dir='ltr'>doctissime,</span> <span class='ocrx_word' id='word_1_229' title='bbox 442 2533 482 2567; x_wconf 92' lang='lat' dir='ltr'>et</span> <span class='ocrx_word' id='word_1_230' title='bbox 513 2527 708 2568; x_wconf 88' lang='lat' dir='ltr'>existima</span> <span class='ocrx_word' id='word_1_231' title='bbox 745 2528 920 2569; x_wconf 61' lang='lat' dir='ltr'>virtutes</span> <span class='ocrx_word' id='word_1_232' title='bbox 952 2526 1337 2579; x_wconf 89' lang='lat' dir='ltr'>humanitatemque</span> <span class='ocrx_word' id='word_1_233' title='bbox 1371 2533 1465 2568; x_wconf 87' lang='lat' dir='ltr'>tuas</span> <span class='ocrx_word' id='word_1_234' title='bbox 1501 2527 1605 2568; x_wconf 89' lang='lat' dir='ltr'>mihi</span> 
     </span>
     <span class='ocr_line' id='line_1_29' title="bbox 143 2591 1603 2647; baseline -0.001 -13"><span class='ocrx_word' id='word_1_235' title='bbox 143 2605 308 2647; x_wconf 85' lang='lat' dir='ltr'>semper</span> <span class='ocrx_word' id='word_1_236' title='bbox 341 2593 555 2635; x_wconf 87' lang='lat' dir='ltr'>obuersari</span> <span class='ocrx_word' id='word_1_237' title='bbox 584 2601 682 2636; x_wconf 90' lang='lat' dir='ltr'>ante</span> <span class='ocrx_word' id='word_1_238' title='bbox 715 2595 877 2635; x_wconf 89' lang='lat' dir='ltr'>oculos.</span> <span class='ocrx_word' id='word_1_239' title='bbox 909 2594 1092 2635; x_wconf 79' lang='lat' dir='ltr'>Lutetiae</span> <span class='ocrx_word' id='word_1_240' title='bbox 1124 2591 1382 2635; x_wconf 87' lang='lat' dir='ltr'>Parisiorum</span> <span class='ocrx_word' id='word_1_241' title='bbox 1413 2607 1486 2636; x_wconf 76' lang='lat' dir='ltr'>xvi</span> <span class='ocrx_word' id='word_1_242' title='bbox 1516 2594 1603 2635; x_wconf 87' lang='lat' dir='ltr'>kal.</span> 
     </span>
     <span class='ocr_line' id='line_1_30' title="bbox 140 2659 708 2714; baseline 0.002 -14"><span class='ocrx_word' id='word_1_243' title='bbox 140 2659 310 2714; x_wconf 86' lang='lat' dir='ltr'>augusti</span> <span class='ocrx_word' id='word_1_244' title='bbox 328 2661 708 2702; x_wconf 86' lang='lat' dir='ltr'>MDCLXXXIII.</span> 
     </span>
    </p>
   </div>
   <div class='ocr_carea' id='block_1_7' title="bbox 198 2791 1444 2847">
    <p class='ocr_par' dir='ltr' id='par_1_8' title="bbox 198 2791 1444 2847">
     <span class='ocr_line' id='line_1_31' title="bbox 198 2791 1444 2847; baseline -0.002 -12"><span class='ocrx_word' id='word_1_245' title='bbox 198 2792 396 2847; x_wconf 88' lang='lat' dir='ltr'>(Minuta.</span> <span class='ocrx_word' id='word_1_246' title='bbox 420 2793 537 2834; x_wconf 86' lang='lat' dir='ltr'>Bibl.</span> <span class='ocrx_word' id='word_1_247' title='bbox 560 2794 668 2834; x_wconf 86' lang='lat' dir='ltr'>Nae.</span> <span class='ocrx_word' id='word_1_248' title='bbox 690 2793 746 2834; x_wconf 89' lang='lat' dir='ltr'>de</span> <span class='ocrx_word' id='word_1_249' title='bbox 764 2794 903 2840; x_wconf 62' lang='lat' dir='ltr'>Paris,</span> <span class='ocrx_word' id='word_1_250' title='bbox 924 2791 1090 2839; x_wconf 72' lang='lat' dir='ltr'>Baluze,</span> <span class='ocrx_word' id='word_1_251' title='bbox 1114 2804 1209 2845; x_wconf 86' lang='lat'>354,</span> <span class='ocrx_word' id='word_1_252' title='bbox 1231 2791 1305 2834; x_wconf 86' lang='lat' dir='ltr'>fol.</span> <span class='ocrx_word' id='word_1_253' title='bbox 1331 2793 1444 2846; x_wconf 88' lang='lat'>194.)</span> 
     </span>
    </p>
   </div>
   <div class='ocr_carea' id='block_1_8' title="bbox 140 2936 1600 3107">
    <p class='ocr_par' dir='ltr' id='par_1_9' title="bbox 140 2936 1600 3107">
     <span class='ocr_line' id='line_1_32' title="bbox 190 2936 1600 2987; baseline -0.001 -12"><span class='ocrx_word' id='word_1_254' title='bbox 190 2939 244 2987; x_wconf 86' lang='lat'>(1)</span> <span class='ocrx_word' id='word_1_255' title='bbox 295 2939 390 2976; x_wconf 89' lang='lat' dir='ltr'>Este</span> <span class='ocrx_word' id='word_1_256' title='bbox 408 2947 521 2976; x_wconf 88' lang='lat' dir='ltr'>tomo</span> <span class='ocrx_word' id='word_1_257' title='bbox 548 2938 602 2974; x_wconf 89' lang='lat' dir='ltr'>IV</span> <span class='ocrx_word' id='word_1_258' title='bbox 627 2939 675 2976; x_wconf 90' lang='lat' dir='ltr'>de</span> <span class='ocrx_word' id='word_1_259' title='bbox 695 2939 752 2975; x_wconf 85' lang='lat' dir='ltr'>las</span> <span class='ocrx_word' id='word_1_260' title='bbox 768 2938 821 2975; x_wconf 91' lang='lat' dir='ltr'><em>M</em></span> <span class='ocrx_word' id='word_1_261' title='bbox 826 2937 1050 2974; x_wconf 76' lang='lat' dir='ltr'>isceldneas</span> <span class='ocrx_word' id='word_1_262' title='bbox 1066 2936 1167 2974; x_wconf 89' lang='lat' dir='ltr'>lleva</span> <span class='ocrx_word' id='word_1_263' title='bbox 1187 2949 1238 2974; x_wconf 90' lang='lat' dir='ltr'>en</span> <span class='ocrx_word' id='word_1_264' title='bbox 1256 2949 1302 2975; x_wconf 91' lang='lat' dir='ltr'>su</span> <span class='ocrx_word' id='word_1_265' title='bbox 1323 2937 1491 2986; x_wconf 89' lang='lat' dir='ltr'>primera</span> <span class='ocrx_word' id='word_1_266' title='bbox 1513 2937 1600 2974; x_wconf 84' lang='lat' dir='ltr'>edi-</span> 
     </span>
     <span class='ocr_line' id='line_1_33' title="bbox 140 2997 621 3045; baseline 0 -9"><span class='ocrx_word' id='word_1_267' title='bbox 140 2997 236 3036; x_wconf 71' lang='lat' dir='ltr'>cidn</span> <span class='ocrx_word' id='word_1_268' title='bbox 256 2998 293 3036; x_wconf 81' lang='lat' dir='ltr'>la</span> <span class='ocrx_word' id='word_1_269' title='bbox 311 2998 425 3036; x_wconf 83' lang='lat' dir='ltr'>fecha</span> <span class='ocrx_word' id='word_1_270' title='bbox 443 2999 492 3036; x_wconf 89' lang='lat' dir='ltr'>de</span> <span class='ocrx_word' id='word_1_271' title='bbox 517 2999 621 3045; x_wconf 83' lang='lat'>1683.</span> 
     </span>
     <span class='ocr_line' id='line_1_34' title="bbox 1333 3071 1352 3107; baseline 0 0"><span class='ocrx_word' id='word_1_272' title='bbox 1333 3071 1352 3107; x_wconf 88' lang='lat'>3</span> 
     </span>
    </p>
   </div>
  </div>
 </body>
</html>
