<?xml version="1.0" encoding="UTF-8"?>
<!DOCTYPE html PUBLIC "-//W3C//DTD XHTML 1.0 Transitional//EN"
    "http://www.w3.org/TR/xhtml1/DTD/xhtml1-transitional.dtd">
<html xmlns="http://www.w3.org/1999/xhtml" xml:lang="en" lang="en">
 <head>
  <title>
</title>
<meta http-equiv="Content-Type" content="text/html;charset=utf-8" />
  <meta name='ocr-system' content='tesseract 3.04.00' />
  <meta name='ocr-capabilities' content='ocr_page ocr_carea ocr_par ocr_line ocrx_word'/>
</head>
<body>
  <div class='ocr_page' id='page_1' title='image "./homenajemennde01menuoft/homenajemennde01menuoft_0344.png"; bbox 0 0 1786 3198; ppageno 0'>
   <div class='ocr_carea' id='block_1_1' title="bbox 189 213 1026 257">
    <p class='ocr_par' dir='ltr' id='par_1_1' title="bbox 189 213 1026 257">
     <span class='ocr_line' id='line_1_1' title="bbox 189 213 1026 257; baseline -0.006 -11"><span class='ocrx_word' id='word_1_1' title='bbox 189 217 272 257; x_wconf 86' lang='lat'>300</span> <span class='ocrx_word' id='word_1_2' title='bbox 709 214 844 243; x_wconf 65' lang='lat' dir='ltr'>Mnuo</span> <span class='ocrx_word' id='word_1_3' title='bbox 873 213 1026 242; x_wconf 55' lang='lat' dir='ltr'>scum?</span> 
     </span>
    </p>
   </div>
   <div class='ocr_carea' id='block_1_2' title="bbox 351 291 1319 883">
    <p class='ocr_par' dir='ltr' id='par_1_2' title="bbox 353 291 1319 459">
     <span class='ocr_line' id='line_1_2' title="bbox 354 291 1155 339; baseline 0.001 -11"><span class='ocrx_word' id='word_1_4' title='bbox 354 293 506 328; x_wconf 87' lang='lat' dir='ltr'>Contra</span> <span class='ocrx_word' id='word_1_5' title='bbox 527 291 551 327; x_wconf 92' lang='lat' dir='ltr'>il</span> <span class='ocrx_word' id='word_1_6' title='bbox 573 291 716 328; x_wconf 75' lang='lat' dir='ltr'>fanore</span> <span class='ocrx_word' id='word_1_7' title='bbox 735 291 883 339; x_wconf 84' lang='lat' dir='ltr'>adopra</span> <span class='ocrx_word' id='word_1_8' title='bbox 903 302 975 328; x_wconf 88' lang='lat' dir='ltr'>sua</span> <span class='ocrx_word' id='word_1_9' title='bbox 993 291 1155 329; x_wconf 76' lang='lat' dir='ltr'><strong>fattura.</strong></span> 
     </span>
     <span class='ocr_line' id='line_1_3' title="bbox 356 351 1319 399; baseline 0.001 -13"><span class='ocrx_word' id='word_1_10' title='bbox 356 351 504 397; x_wconf 84' lang='lat' dir='ltr'>Quinci</span> <span class='ocrx_word' id='word_1_11' title='bbox 522 351 786 398; x_wconf 82' lang='lat' dir='ltr'>comprender</span> <span class='ocrx_word' id='word_1_12' title='bbox 804 351 900 399; x_wconf 90' lang='lat' dir='ltr'>puoi</span> <span class='ocrx_word' id='word_1_13' title='bbox 919 351 982 388; x_wconf 87' lang='lat' dir='ltr'>ch&#39;</span> <span class='ocrx_word' id='word_1_14' title='bbox 999 362 1104 388; x_wconf 81' lang='lat' dir='ltr'><strong>esser</strong></span> <span class='ocrx_word' id='word_1_15' title='bbox 1121 351 1319 388; x_wconf 88' lang='lat' dir='ltr'>conviene</span> 
     </span>
     <span class='ocr_line' id='line_1_4' title="bbox 353 410 1166 459; baseline -0.001 -10"><span class='ocrx_word' id='word_1_16' title='bbox 353 414 477 449; x_wconf 88' lang='lat' dir='ltr'>Amor</span> <span class='ocrx_word' id='word_1_17' title='bbox 495 420 674 448; x_wconf 84' lang='lat' dir='ltr'>sementa</span> <span class='ocrx_word' id='word_1_18' title='bbox 692 410 736 447; x_wconf 88' lang='lat' dir='ltr'>in</span> <span class='ocrx_word' id='word_1_19' title='bbox 757 411 823 448; x_wconf 87' lang='lat' dir='ltr'>voi</span> <span class='ocrx_word' id='word_1_20' title='bbox 841 411 879 448; x_wconf 88' lang='lat' dir='ltr'>d’</span> <span class='ocrx_word' id='word_1_21' title='bbox 897 411 989 459; x_wconf 87' lang='lat' dir='ltr'>ogni</span> <span class='ocrx_word' id='word_1_22' title='bbox 1005 411 1166 458; x_wconf 83' lang='lat' dir='ltr'><strong>virtute,</strong></span> 
     </span>
    </p>

    <p class='ocr_par' dir='ltr' id='par_1_3' title="bbox 352 470 1161 520">
     <span class='ocr_line' id='line_1_5' title="bbox 352 470 1161 520; baseline -0.001 -11"><span class='ocrx_word' id='word_1_23' title='bbox 352 473 385 509; x_wconf 95' lang='lat' dir='ltr'>E</span> <span class='ocrx_word' id='word_1_24' title='bbox 404 471 443 507; x_wconf 89' lang='lat' dir='ltr'>d&#39;</span> <span class='ocrx_word' id='word_1_25' title='bbox 461 471 557 518; x_wconf 85' lang='lat' dir='ltr'>ogni</span> <span class='ocrx_word' id='word_1_26' title='bbox 575 470 790 518; x_wconf 84' lang='lat' dir='ltr'>operazion</span> <span class='ocrx_word' id='word_1_27' title='bbox 811 473 883 509; x_wconf 88' lang='lat' dir='ltr'>che</span> <span class='ocrx_word' id='word_1_28' title='bbox 904 481 1026 509; x_wconf 83' lang='lat' dir='ltr'><strong>merta</strong></span> <span class='ocrx_word' id='word_1_29' title='bbox 1046 483 1161 520; x_wconf 83' lang='lat' dir='ltr'><strong>pene.</strong></span> 
     </span>
    </p>

    <p class='ocr_par' dir='ltr' id='par_1_4' title="bbox 353 530 1141 579">
     <span class='ocr_line' id='line_1_6' title="bbox 353 530 1141 579; baseline 0.001 -12"><span class='ocrx_word' id='word_1_30' title='bbox 353 531 407 567; x_wconf 93' lang='lat' dir='ltr'>Or</span> <span class='ocrx_word' id='word_1_31' title='bbox 427 530 571 578; x_wconf 72' lang='lat' dir='ltr'><strong>perch‘e</strong></span> <span class='ocrx_word' id='word_1_32' title='bbox 590 530 667 567; x_wconf 86' lang='lat' dir='ltr'>mai</span> <span class='ocrx_word' id='word_1_33' title='bbox 687 542 770 567; x_wconf 91' lang='lat' dir='ltr'>non</span> <span class='ocrx_word' id='word_1_34' title='bbox 792 531 872 579; x_wconf 76' lang='lat' dir='ltr'>pub</span> <span class='ocrx_word' id='word_1_35' title='bbox 892 531 994 568; x_wconf 88' lang='lat' dir='ltr'>dalla</span> <span class='ocrx_word' id='word_1_36' title='bbox 1014 531 1141 568; x_wconf 86' lang='lat' dir='ltr'><strong>salute</strong></span> 
     </span>
    </p>

    <p class='ocr_par' dir='ltr' id='par_1_5' title="bbox 353 589 1123 640">
     <span class='ocr_line' id='line_1_7' title="bbox 353 589 1123 640; baseline 0.001 -13"><span class='ocrx_word' id='word_1_37' title='bbox 353 591 477 627; x_wconf 82' lang='lat' dir='ltr'>Amor</span> <span class='ocrx_word' id='word_1_38' title='bbox 495 589 560 626; x_wconf 86' lang='lat' dir='ltr'>del</span> <span class='ocrx_word' id='word_1_39' title='bbox 578 601 652 627; x_wconf 87' lang='lat' dir='ltr'>suo</span> <span class='ocrx_word' id='word_1_40' title='bbox 670 600 851 640; x_wconf 81' lang='lat' dir='ltr'>soggetto</span> <span class='ocrx_word' id='word_1_41' title='bbox 870 592 1007 640; x_wconf 85' lang='lat' dir='ltr'>volger</span> <span class='ocrx_word' id='word_1_42' title='bbox 1023 591 1123 638; x_wconf 88' lang='lat' dir='ltr'>viso,</span> 
     </span>
    </p>

    <p class='ocr_par' dir='ltr' id='par_1_6' title="bbox 354 649 1122 699">
     <span class='ocr_line' id='line_1_8' title="bbox 354 649 1122 699; baseline 0.004 -13"><span class='ocrx_word' id='word_1_43' title='bbox 354 649 453 687; x_wconf 85' lang='lat' dir='ltr'>Dall’</span> <span class='ocrx_word' id='word_1_44' title='bbox 470 650 565 687; x_wconf 89' lang='lat' dir='ltr'>odio</span> <span class='ocrx_word' id='word_1_45' title='bbox 585 651 746 699; x_wconf 83' lang='lat' dir='ltr'>proprio</span> <span class='ocrx_word' id='word_1_46' title='bbox 765 662 840 689; x_wconf 90' lang='lat' dir='ltr'>son</span> <span class='ocrx_word' id='word_1_47' title='bbox 859 652 894 689; x_wconf 87' lang='lat' dir='ltr'>le</span> <span class='ocrx_word' id='word_1_48' title='bbox 914 664 1004 689; x_wconf 88' lang='lat' dir='ltr'>cose</span> <span class='ocrx_word' id='word_1_49' title='bbox 1023 661 1122 689; x_wconf 90' lang='lat' dir='ltr'><strong>tute:</strong></span> 
     </span>
    </p>

    <p class='ocr_par' dir='ltr' id='par_1_7' title="bbox 351 710 1166 761">
     <span class='ocr_line' id='line_1_9' title="bbox 351 710 1166 761; baseline 0.002 -13"><span class='ocrx_word' id='word_1_50' title='bbox 351 713 385 748; x_wconf 93' lang='lat' dir='ltr'>E</span> <span class='ocrx_word' id='word_1_51' title='bbox 405 710 548 759; x_wconf 68' lang='lat' dir='ltr'><strong>perche</strong></span> <span class='ocrx_word' id='word_1_52' title='bbox 565 711 748 749; x_wconf 85' lang='lat' dir='ltr'>intender</span> <span class='ocrx_word' id='word_1_53' title='bbox 767 724 851 749; x_wconf 89' lang='lat' dir='ltr'>non</span> <span class='ocrx_word' id='word_1_54' title='bbox 872 713 903 750; x_wconf 89' lang='lat' dir='ltr'>si</span> <span class='ocrx_word' id='word_1_55' title='bbox 923 713 1004 761; x_wconf 77' lang='lat' dir='ltr'>pub</span> <span class='ocrx_word' id='word_1_56' title='bbox 1024 713 1166 760; x_wconf 85' lang='lat' dir='ltr'>diviso,</span> 
     </span>
    </p>

    <p class='ocr_par' dir='ltr' id='par_1_8' title="bbox 352 771 1276 883">
     <span class='ocr_line' id='line_1_10' title="bbox 352 771 1250 822; baseline 0.003 -15"><span class='ocrx_word' id='word_1_57' title='bbox 352 771 409 808; x_wconf 74' lang='lat' dir='ltr'>Ne</span> <span class='ocrx_word' id='word_1_58' title='bbox 429 783 497 819; x_wconf 85' lang='lat' dir='ltr'>per</span> <span class='ocrx_word' id='word_1_59' title='bbox 515 772 555 808; x_wconf 73' lang='lat' dir='ltr'>se</span> <span class='ocrx_word' id='word_1_60' title='bbox 573 780 715 819; x_wconf 87' lang='lat' dir='ltr'>stante,</span> <span class='ocrx_word' id='word_1_61' title='bbox 736 773 885 810; x_wconf 85' lang='lat' dir='ltr'>alcuno</span> <span class='ocrx_word' id='word_1_62' title='bbox 904 785 1006 810; x_wconf 83' lang='lat' dir='ltr'><strong>esser</strong></span> <span class='ocrx_word' id='word_1_63' title='bbox 1024 773 1088 810; x_wconf 80' lang='lat' dir='ltr'>dal</span> <span class='ocrx_word' id='word_1_64' title='bbox 1107 773 1250 822; x_wconf 79' lang='lat' dir='ltr'>primo,</span> 
     </span>
     <span class='ocr_line' id='line_1_11' title="bbox 352 831 1276 883; baseline 0.003 -15"><span class='ocrx_word' id='word_1_65' title='bbox 352 833 409 868; x_wconf 87' lang='lat' dir='ltr'>Da</span> <span class='ocrx_word' id='word_1_66' title='bbox 428 832 565 880; x_wconf 89' lang='lat' dir='ltr'>quello</span> <span class='ocrx_word' id='word_1_67' title='bbox 584 831 718 870; x_wconf 84' lang='lat' dir='ltr'>odiare</span> <span class='ocrx_word' id='word_1_68' title='bbox 739 833 834 881; x_wconf 89' lang='lat' dir='ltr'>ogni</span> <span class='ocrx_word' id='word_1_69' title='bbox 853 833 995 871; x_wconf 87' lang='lat' dir='ltr'>affetto</span> <span class='ocrx_word' id='word_1_70' title='bbox 1014 834 1035 871; x_wconf 73' lang='lat' dir='ltr'>‘e</span> <span class='ocrx_word' id='word_1_71' title='bbox 1053 834 1186 871; x_wconf 79' lang='lat' dir='ltr'>deciso</span> <span class='ocrx_word' id='word_1_72' title='bbox 1208 834 1276 883; x_wconf 74' lang='grc' dir='ltr'>(ι).</span> 
     </span>
    </p>
   </div>
   <div class='ocr_carea' id='block_1_3' title="bbox 195 923 469 982">
    <p class='ocr_par' dir='ltr' id='par_1_9' title="bbox 195 923 469 982">
     <span class='ocr_line' id='line_1_12' title="bbox 195 923 469 982; baseline -0.007 -13"><span class='ocrx_word' id='word_1_73' title='bbox 195 926 295 969; x_wconf 89' lang='lat' dir='ltr'>Fol.</span> <span class='ocrx_word' id='word_1_74' title='bbox 321 940 376 982; x_wconf 89' lang='lat'>93</span> <span class='ocrx_word' id='word_1_75' title='bbox 401 923 469 968; x_wconf 90' lang='lat' dir='ltr'>v.⁰</span> 
     </span>
    </p>
   </div>
   <div class='ocr_carea' id='block_1_4' title="bbox 134 1013 1183 1185">
    <p class='ocr_par' dir='ltr' id='par_1_10' title="bbox 134 1013 1183 1185">
     <span class='ocr_line' id='line_1_13' title="bbox 134 1013 1123 1062; baseline 0.002 -12"><span class='ocrx_word' id='word_1_76' title='bbox 134 1014 184 1052; x_wconf 93' lang='lat' dir='ltr'>V.</span> <span class='ocrx_word' id='word_1_77' title='bbox 217 1024 296 1062; x_wconf 86' lang='lat'><em>130.</em></span> <span class='ocrx_word' id='word_1_78' title='bbox 349 1014 400 1050; x_wconf 89' lang='lat' dir='ltr'>Se</span> <span class='ocrx_word' id='word_1_79' title='bbox 419 1013 530 1050; x_wconf 89' lang='lat' dir='ltr'>lento</span> <span class='ocrx_word' id='word_1_80' title='bbox 547 1025 685 1051; x_wconf 79' lang='lat' dir='ltr'>amore</span> <span class='ocrx_word' id='word_1_81' title='bbox 705 1013 747 1050; x_wconf 87' lang='lat' dir='ltr'>in</span> <span class='ocrx_word' id='word_1_82' title='bbox 766 1013 823 1051; x_wconf 85' lang='lat' dir='ltr'>lui</span> <span class='ocrx_word' id='word_1_83' title='bbox 842 1014 961 1051; x_wconf 88' lang='lat' dir='ltr'><strong>veder</strong></span> <span class='ocrx_word' id='word_1_84' title='bbox 979 1014 1017 1052; x_wconf 87' lang='lat' dir='ltr'>vi</span> <span class='ocrx_word' id='word_1_85' title='bbox 1035 1014 1123 1061; x_wconf 76' lang='lat' dir='ltr'>tim,</span> 
     </span>
     <span class='ocr_line' id='line_1_14' title="bbox 353 1074 1094 1123; baseline 0.003 -13"><span class='ocrx_word' id='word_1_86' title='bbox 353 1074 387 1110; x_wconf 94' lang='grc' dir='ltr'>Ο</span> <span class='ocrx_word' id='word_1_87' title='bbox 407 1086 429 1111; x_wconf 88' lang='lat' dir='ltr'>a</span> <span class='ocrx_word' id='word_1_88' title='bbox 448 1074 506 1111; x_wconf 90' lang='lat' dir='ltr'>lui</span> <span class='ocrx_word' id='word_1_89' title='bbox 525 1074 738 1122; x_wconf 82' lang='lat' dir='ltr'>acquistar‚</span> <span class='ocrx_word' id='word_1_90' title='bbox 760 1083 900 1123; x_wconf 87' lang='lat' dir='ltr'><strong>questa</strong></span> <span class='ocrx_word' id='word_1_91' title='bbox 919 1075 1094 1121; x_wconf 82' lang='lat' dir='ltr'>comice,</span> 
     </span>
     <span class='ocr_line' id='line_1_15' title="bbox 356 1133 1183 1185; baseline 0.001 -13"><span class='ocrx_word' id='word_1_92' title='bbox 356 1136 469 1182; x_wconf 92' lang='lat' dir='ltr'>Dopo</span> <span class='ocrx_word' id='word_1_93' title='bbox 487 1133 621 1182; x_wconf 86' lang='lat' dir='ltr'>giusto</span> <span class='ocrx_word' id='word_1_94' title='bbox 641 1143 794 1183; x_wconf 84' lang='lat' dir='ltr'><strong>penter,</strong></span> <span class='ocrx_word' id='word_1_95' title='bbox 817 1146 862 1172; x_wconf 86' lang='lat' dir='ltr'>ve</span> <span class='ocrx_word' id='word_1_96' title='bbox 882 1146 932 1172; x_wconf 85' lang='lat' dir='ltr'>ne</span> <span class='ocrx_word' id='word_1_97' title='bbox 947 1135 1110 1173; x_wconf 83' lang='lat' dir='ltr'>martira</span> <span class='ocrx_word' id='word_1_98' title='bbox 1130 1136 1183 1185; x_wconf 86' lang='lat'>(2)</span> 
     </span>
    </p>
   </div>
   <div class='ocr_carea' id='block_1_5' title="bbox 133 1226 1599 1426">
    <p class='ocr_par' dir='ltr' id='par_1_11' title="bbox 133 1226 1599 1426">
     <span class='ocr_line' id='line_1_16' title="bbox 184 1226 1599 1284; baseline 0 -14"><span class='ocrx_word' id='word_1_99' title='bbox 184 1226 505 1270; x_wconf 88' lang='lat' dir='ltr'><strong>Evidemment</strong></span> <span class='ocrx_word' id='word_1_100' title='bbox 520 1232 618 1270; x_wconf 86' lang='lat' dir='ltr'>tout</span> <span class='ocrx_word' id='word_1_101' title='bbox 633 1241 682 1270; x_wconf 90' lang='lat' dir='ltr'>ce</span> <span class='ocrx_word' id='word_1_102' title='bbox 701 1227 1039 1271; x_wconf 82' lang='lat' dir='ltr'>raisonnement</span> <span class='ocrx_word' id='word_1_103' title='bbox 1053 1228 1107 1270; x_wconf 92' lang='lat' dir='ltr'>de</span> <span class='ocrx_word' id='word_1_104' title='bbox 1121 1227 1292 1284; x_wconf 88' lang='lat' dir='ltr'><strong>Virgile</strong></span> <span class='ocrx_word' id='word_1_105' title='bbox 1310 1241 1387 1270; x_wconf 88' lang='lat' dir='ltr'>sur</span> <span class='ocrx_word' id='word_1_106' title='bbox 1402 1227 1599 1271; x_wconf 85' lang='lat' dir='ltr'>l’amout</span> 
     </span>
     <span class='ocr_line' id='line_1_17' title="bbox 133 1298 1598 1358; baseline 0.001 -17"><span class='ocrx_word' id='word_1_107' title='bbox 133 1311 292 1342; x_wconf 84' lang='lat' dir='ltr'>source</span> <span class='ocrx_word' id='word_1_108' title='bbox 314 1299 369 1342; x_wconf 89' lang='lat' dir='ltr'>de</span> <span class='ocrx_word' id='word_1_109' title='bbox 397 1304 521 1341; x_wconf 88' lang='lat' dir='ltr'><strong>toute</strong></span> <span class='ocrx_word' id='word_1_110' title='bbox 545 1305 671 1341; x_wconf 88' lang='lat' dir='ltr'><strong>vertu</strong></span> <span class='ocrx_word' id='word_1_111' title='bbox 695 1305 740 1342; x_wconf 89' lang='lat' dir='ltr'>et</span> <span class='ocrx_word' id='word_1_112' title='bbox 763 1300 817 1342; x_wconf 94' lang='lat' dir='ltr'>de</span> <span class='ocrx_word' id='word_1_113' title='bbox 841 1305 938 1342; x_wconf 86' lang='lat' dir='ltr'>tout</span> <span class='ocrx_word' id='word_1_114' title='bbox 959 1300 1055 1343; x_wconf 90' lang='lat' dir='ltr'><strong>vice</strong></span> <span class='ocrx_word' id='word_1_115' title='bbox 1078 1314 1106 1343; x_wconf 92' lang='lat' dir='ltr'>a</span> <span class='ocrx_word' id='word_1_116' title='bbox 1127 1299 1357 1344; x_wconf 88' lang='lat' dir='ltr'><strong>vivement</strong></span> <span class='ocrx_word' id='word_1_117' title='bbox 1378 1299 1534 1358; x_wconf 71' lang='lat' dir='ltr'><strong>frappe</strong></span> <span class='ocrx_word' id='word_1_118' title='bbox 1556 1298 1598 1343; x_wconf 87' lang='lat' dir='ltr'>le</span> 
     </span>
     <span class='ocr_line' id='line_1_18' title="bbox 135 1371 701 1426; baseline 0.002 -12"><span class='ocrx_word' id='word_1_119' title='bbox 135 1371 332 1426; x_wconf 90' lang='lat' dir='ltr'>Marquis</span> <span class='ocrx_word' id='word_1_120' title='bbox 354 1372 407 1414; x_wconf 91' lang='lat' dir='ltr'>de</span> <span class='ocrx_word' id='word_1_121' title='bbox 432 1372 701 1415; x_wconf 87' lang='lat' dir='ltr'>Santillane.</span> 
     </span>
    </p>
   </div>
   <div class='ocr_carea' id='block_1_6' title="bbox 197 1474 765 1532">
    <p class='ocr_par' dir='ltr' id='par_1_12' title="bbox 197 1474 765 1532">
     <span class='ocr_line' id='line_1_19' title="bbox 197 1474 765 1532; baseline 0.004 -16"><span class='ocrx_word' id='word_1_122' title='bbox 197 1474 297 1518; x_wconf 90' lang='lat' dir='ltr'>Fol.</span> <span class='ocrx_word' id='word_1_123' title='bbox 323 1474 617 1532; x_wconf 86' lang='lat' dir='ltr'>9&#39;6.-—Chant</span> <span class='ocrx_word' id='word_1_124' title='bbox 639 1475 765 1518; x_wconf 93' lang='lat' dir='ltr'>XIX.</span> 
     </span>
    </p>
   </div>
   <div class='ocr_carea' id='block_1_7' title="bbox 133 1569 1419 1739">
    <p class='ocr_par' dir='ltr' id='par_1_13' title="bbox 133 1569 1419 1739">
     <span class='ocr_line' id='line_1_20' title="bbox 133 1569 1098 1616; baseline 0.002 -11"><span class='ocrx_word' id='word_1_125' title='bbox 133 1569 183 1605; x_wconf 87' lang='lat' dir='ltr'>V.</span> <span class='ocrx_word' id='word_1_126' title='bbox 235 1581 257 1605; x_wconf 91' lang='lat'>2</span> <span class='ocrx_word' id='word_1_127' title='bbox 263 1579 297 1616; x_wconf 86' lang='lat'>5.</span> <span class='ocrx_word' id='word_1_128' title='bbox 349 1569 485 1606; x_wconf 84' lang='lat' dir='ltr'>Ancor</span> <span class='ocrx_word' id='word_1_129' title='bbox 504 1581 588 1606; x_wconf 90' lang='lat' dir='ltr'>non</span> <span class='ocrx_word' id='word_1_130' title='bbox 607 1582 672 1607; x_wconf 85' lang='lat' dir='ltr'>era</span> <span class='ocrx_word' id='word_1_131' title='bbox 691 1581 763 1607; x_wconf 91' lang='lat' dir='ltr'>sua</span> <span class='ocrx_word' id='word_1_132' title='bbox 783 1570 905 1607; x_wconf 88' lang='lat' dir='ltr'>bocca</span> <span class='ocrx_word' id='word_1_133' title='bbox 926 1569 1098 1607; x_wconf 85' lang='lat' dir='ltr'>richiusa</span> 
     </span>
     <span class='ocr_line' id='line_1_21' title="bbox 353 1630 1419 1680; baseline 0.002 -14"><span class='ocrx_word' id='word_1_134' title='bbox 353 1630 530 1676; x_wconf 85' lang='lat' dir='ltr'>Quando</span> <span class='ocrx_word' id='word_1_135' title='bbox 549 1643 629 1668; x_wconf 88' lang='lat' dir='ltr'>una</span> <span class='ocrx_word' id='word_1_136' title='bbox 648 1631 784 1670; x_wconf 89' lang='lat' dir='ltr'>donna</span> <span class='ocrx_word' id='word_1_137' title='bbox 805 1632 1007 1680; x_wconf 87' lang='lat' dir='ltr'><strong>(apparve)</strong></span> <span class='ocrx_word' id='word_1_138' title='bbox 1027 1640 1142 1668; x_wconf 82' lang='lat' dir='ltr'>santa</span> <span class='ocrx_word' id='word_1_139' title='bbox 1159 1643 1179 1668; x_wconf 91' lang='lat' dir='ltr'><strong>e</strong></span> <span class='ocrx_word' id='word_1_140' title='bbox 1200 1639 1330 1679; x_wconf 87' lang='lat' dir='ltr'><strong>presta</strong></span> <span class='ocrx_word' id='word_1_141' title='bbox 1350 1630 1419 1679; x_wconf 85' lang='lat'><strong>(3).</strong></span> 
     </span>
     <span class='ocr_line' id='line_1_22' title="bbox 350 1690 1157 1739; baseline 0.002 -12"><span class='ocrx_word' id='word_1_142' title='bbox 350 1691 585 1739; x_wconf 88' lang='lat' dir='ltr'>Lunghesso</span> <span class='ocrx_word' id='word_1_143' title='bbox 607 1703 670 1728; x_wconf 87' lang='lat' dir='ltr'>me</span> <span class='ocrx_word' id='word_1_144' title='bbox 691 1703 758 1739; x_wconf 84' lang='lat' dir='ltr'>per</span> <span class='ocrx_word' id='word_1_145' title='bbox 777 1690 835 1728; x_wconf 82' lang='lat' dir='ltr'>far</span> <span class='ocrx_word' id='word_1_146' title='bbox 854 1690 955 1732; x_wconf 83' lang='lat' dir='ltr'>colei</span> <span class='ocrx_word' id='word_1_147' title='bbox 973 1691 1157 1729; x_wconf 85' lang='lat' dir='ltr'>confusa.</span> 
     </span>
    </p>
   </div>
   <div class='ocr_carea' id='block_1_8' title="bbox 134 1764 1601 1984">
    <p class='ocr_par' dir='ltr' id='par_1_14' title="bbox 134 1764 1601 1984">
     <span class='ocr_line' id='line_1_23' title="bbox 196 1764 1600 1840; baseline 0 -15"><span class='ocrx_word' id='word_1_148' title='bbox 196 1783 264 1826; x_wconf 88' lang='lat' dir='ltr'>Le</span> <span class='ocrx_word' id='word_1_149' title='bbox 286 1788 381 1825; x_wconf 90' lang='lat' dir='ltr'>mot</span> <span class='ocrx_word' id='word_1_150' title='bbox 402 1787 583 1840; x_wconf 80' lang='lat' dir='ltr'>apparve</span> <span class='ocrx_word' id='word_1_151' title='bbox 605 1797 692 1839; x_wconf 90' lang='lat' dir='ltr'>que</span> <span class='ocrx_word' id='word_1_152' title='bbox 721 1798 837 1826; x_wconf 87' lang='lat' dir='ltr'>nous</span> <span class='ocrx_word' id='word_1_153' title='bbox 859 1764 1004 1826; x_wconf 54' lang='lat' dir='ltr'>avons</span> <span class='ocrx_word' id='word_1_154' title='bbox 1034 1783 1120 1826; x_wconf 88' lang='lat' dir='ltr'>mis</span> <span class='ocrx_word' id='word_1_155' title='bbox 1149 1789 1275 1827; x_wconf 86' lang='lat' dir='ltr'><strong>entre</strong></span> <span class='ocrx_word' id='word_1_156' title='bbox 1304 1781 1600 1839; x_wconf 73' lang='lat' dir='ltr'><strong>parantheses</strong></span> 
     </span>
     <span class='ocr_line' id='line_1_24' title="bbox 134 1853 1601 1913; baseline 0.002 -16"><span class='ocrx_word' id='word_1_157' title='bbox 134 1867 165 1897; x_wconf 86' lang='lat' dir='ltr'>a</span> <span class='ocrx_word' id='word_1_158' title='bbox 186 1857 257 1897; x_wconf 70' lang='lat' dir='ltr'>ete</span> <span class='ocrx_word' id='word_1_159' title='bbox 279 1854 428 1897; x_wconf 80' lang='lat' dir='ltr'>oublie</span> <span class='ocrx_word' id='word_1_160' title='bbox 449 1855 562 1899; x_wconf 90' lang='lat' dir='ltr'>dans</span> <span class='ocrx_word' id='word_1_161' title='bbox 585 1857 625 1899; x_wconf 90' lang='lat' dir='ltr'>le</span> <span class='ocrx_word' id='word_1_162' title='bbox 651 1856 914 1912; x_wconf 87' lang='lat' dir='ltr'><strong>manuscrit,</strong></span> <span class='ocrx_word' id='word_1_163' title='bbox 937 1857 1058 1899; x_wconf 89' lang='lat' dir='ltr'>oubli</span> <span class='ocrx_word' id='word_1_164' title='bbox 1081 1861 1236 1913; x_wconf 71' lang='lat' dir='ltr'><strong>repare</strong></span> <span class='ocrx_word' id='word_1_165' title='bbox 1259 1870 1435 1900; x_wconf 88' lang='lat' dir='ltr'>comme</span> <span class='ocrx_word' id='word_1_166' title='bbox 1456 1869 1517 1900; x_wconf 87' lang='lat' dir='ltr'>on</span> <span class='ocrx_word' id='word_1_167' title='bbox 1539 1853 1601 1900; x_wconf 86' lang='lat' dir='ltr'>l&#39;a</span> 
     </span>
     <span class='ocr_line' id='line_1_25' title="bbox 137 1926 971 1984; baseline 0.002 -15"><span class='ocrx_word' id='word_1_168' title='bbox 137 1939 196 1969; x_wconf 90' lang='lat' dir='ltr'>vu</span> <span class='ocrx_word' id='word_1_169' title='bbox 218 1939 300 1982; x_wconf 91' lang='lat' dir='ltr'>par</span> <span class='ocrx_word' id='word_1_170' title='bbox 321 1926 455 1983; x_wconf 73' lang='lat' dir='ltr'>Inigo</span> <span class='ocrx_word' id='word_1_171' title='bbox 480 1929 635 1984; x_wconf 76' lang='lat' dir='ltr'><strong>Lopez</strong></span> <span class='ocrx_word' id='word_1_172' title='bbox 658 1929 711 1972; x_wconf 91' lang='lat' dir='ltr'>de</span> <span class='ocrx_word' id='word_1_173' title='bbox 735 1928 971 1971; x_wconf 90' lang='lat' dir='ltr'>Mendoza.</span> 
     </span>
    </p>
   </div>
   <div class='ocr_carea' id='block_1_9' title="bbox 200 2022 814 2080">
    <p class='ocr_par' dir='ltr' id='par_1_15' title="bbox 200 2022 814 2080">
     <span class='ocr_line' id='line_1_26' title="bbox 200 2022 814 2080; baseline 0.007 -15"><span class='ocrx_word' id='word_1_174' title='bbox 200 2023 299 2067; x_wconf 91' lang='lat' dir='ltr'>Fol.</span> <span class='ocrx_word' id='word_1_175' title='bbox 325 2036 382 2080; x_wconf 91' lang='lat'>97</span> <span class='ocrx_word' id='word_1_176' title='bbox 406 2022 690 2069; x_wconf 85' lang='lat' dir='ltr'><strong>V.⁰—Chant</strong></span> <span class='ocrx_word' id='word_1_177' title='bbox 711 2025 814 2069; x_wconf 90' lang='lat' dir='ltr'>XX.</span> 
     </span>
    </p>
   </div>
   <div class='ocr_carea' id='block_1_10' title="bbox 137 2111 1422 2646">
    <p class='ocr_par' dir='ltr' id='par_1_16' title="bbox 137 2111 1422 2646">
     <span class='ocr_line' id='line_1_27' title="bbox 137 2111 1289 2164; baseline 0.004 -18"><span class='ocrx_word' id='word_1_178' title='bbox 137 2111 190 2148; x_wconf 86' lang='lat' dir='ltr'>V.</span> <span class='ocrx_word' id='word_1_179' title='bbox 264 2123 301 2159; x_wconf 91' lang='lat'>7.</span> <span class='ocrx_word' id='word_1_180' title='bbox 354 2112 433 2150; x_wconf 71' lang='lat' dir='ltr'>Che</span> <span class='ocrx_word' id='word_1_181' title='bbox 451 2113 485 2150; x_wconf 90' lang='lat' dir='ltr'>la</span> <span class='ocrx_word' id='word_1_182' title='bbox 505 2124 637 2163; x_wconf 77' lang='lat' dir='ltr'><strong>gente,</strong></span> <span class='ocrx_word' id='word_1_183' title='bbox 659 2115 731 2152; x_wconf 89' lang='lat' dir='ltr'>che</span> <span class='ocrx_word' id='word_1_184' title='bbox 751 2115 876 2152; x_wconf 90' lang='lat' dir='ltr'>fonde</span> <span class='ocrx_word' id='word_1_185' title='bbox 898 2127 920 2152; x_wconf 89' lang='lat' dir='ltr'>a</span> <span class='ocrx_word' id='word_1_186' title='bbox 939 2115 1080 2164; x_wconf 88' lang='lat' dir='ltr'>goecia</span> <span class='ocrx_word' id='word_1_187' title='bbox 1098 2126 1119 2152; x_wconf 87' lang='lat' dir='ltr'>a</span> <span class='ocrx_word' id='word_1_188' title='bbox 1138 2114 1289 2163; x_wconf 87' lang='lat' dir='ltr'>goccia,</span> 
     </span>
     <span class='ocr_line' id='line_1_28' title="bbox 355 2173 1422 2223; baseline 0.002 -14"><span class='ocrx_word' id='word_1_189' title='bbox 355 2173 428 2210; x_wconf 86' lang='lat' dir='ltr'>Per</span> <span class='ocrx_word' id='word_1_190' title='bbox 446 2174 499 2222; x_wconf 87' lang='lat' dir='ltr'>gli</span> <span class='ocrx_word' id='word_1_191' title='bbox 517 2175 646 2222; x_wconf 90' lang='lat' dir='ltr'>occhi‚</span> <span class='ocrx_word' id='word_1_192' title='bbox 667 2175 694 2212; x_wconf 89' lang='lat' dir='ltr'>il</span> <span class='ocrx_word' id='word_1_193' title='bbox 713 2175 791 2213; x_wconf 86' lang='lat' dir='ltr'>mal</span> <span class='ocrx_word' id='word_1_194' title='bbox 817 2175 890 2213; x_wconf 88' lang='lat' dir='ltr'>che</span> <span class='ocrx_word' id='word_1_195' title='bbox 912 2185 1019 2213; x_wconf 89' lang='lat' dir='ltr'>tutto</span> <span class='ocrx_word' id='word_1_196' title='bbox 1038 2175 1063 2212; x_wconf 89' lang='lat' dir='ltr'>il</span> <span class='ocrx_word' id='word_1_197' title='bbox 1082 2175 1237 2212; x_wconf 88' lang='lat' dir='ltr'>mondo</span> <span class='ocrx_word' id='word_1_198' title='bbox 1254 2185 1422 2223; x_wconf 82' lang='lat' dir='ltr'>occupa,</span> 
     </span>
     <span class='ocr_line' id='line_1_29' title="bbox 358 2234 1340 2285; baseline 0.002 -16"><span class='ocrx_word' id='word_1_199' title='bbox 358 2234 458 2270; x_wconf 86' lang='lat' dir='ltr'>Dall&#39;</span> <span class='ocrx_word' id='word_1_200' title='bbox 475 2234 572 2272; x_wconf 84' lang='lat' dir='ltr'><strong>altra</strong></span> <span class='ocrx_word' id='word_1_201' title='bbox 594 2244 702 2284; x_wconf 88' lang='lat' dir='ltr'><strong>parte</strong></span> <span class='ocrx_word' id='word_1_202' title='bbox 722 2236 763 2272; x_wconf 88' lang='lat' dir='ltr'>in</span> <span class='ocrx_word' id='word_1_203' title='bbox 784 2235 877 2273; x_wconf 91' lang='lat' dir='ltr'>fuor</span> <span class='ocrx_word' id='word_1_204' title='bbox 903 2245 1048 2285; x_wconf 89' lang='lat' dir='ltr'>troppo</span> <span class='ocrx_word' id='word_1_205' title='bbox 1066 2235 1097 2272; x_wconf 79' lang='lat' dir='ltr'>s&#39;</span> <span class='ocrx_word' id='word_1_206' title='bbox 1112 2234 1340 2284; x_wconf 83' lang='lat' dir='ltr'>approccia.</span> 
     </span>
     <span class='ocr_line' id='line_1_30' title="bbox 359 2294 1002 2345; baseline 0.005 -15"><span class='ocrx_word' id='word_1_207' title='bbox 359 2294 569 2332; x_wconf 83' lang='lat' dir='ltr'><strong>Maladetta</strong></span> <span class='ocrx_word' id='word_1_208' title='bbox 588 2296 643 2333; x_wconf 86' lang='lat' dir='ltr'>sie</span> <span class='ocrx_word' id='word_1_209' title='bbox 661 2305 720 2343; x_wconf 90' lang='lat' dir='ltr'>tu,</span> <span class='ocrx_word' id='word_1_210' title='bbox 739 2296 874 2334; x_wconf 86' lang='lat' dir='ltr'>antica</span> <span class='ocrx_word' id='word_1_211' title='bbox 891 2297 1002 2345; x_wconf 83' lang='lat' dir='ltr'>lupa,</span> 
     </span>
     <span class='ocr_line' id='line_1_31' title="bbox 354 2354 1268 2404; baseline 0.003 -14"><span class='ocrx_word' id='word_1_212' title='bbox 354 2354 438 2391; x_wconf 85' lang='lat' dir='ltr'>Che</span> <span class='ocrx_word' id='word_1_213' title='bbox 458 2355 526 2403; x_wconf 62' lang='lat' dir='ltr'>pin</span> <span class='ocrx_word' id='word_1_214' title='bbox 545 2356 617 2393; x_wconf 89' lang='lat' dir='ltr'>che</span> <span class='ocrx_word' id='word_1_215' title='bbox 638 2365 738 2394; x_wconf 88' lang='lat' dir='ltr'><strong>tutte</strong></span> <span class='ocrx_word' id='word_1_216' title='bbox 759 2356 783 2393; x_wconf 80' lang='lat'>1‘</span> <span class='ocrx_word' id='word_1_217' title='bbox 801 2356 898 2394; x_wconf 83' lang='lat' dir='ltr'><strong>altre</strong></span> <span class='ocrx_word' id='word_1_218' title='bbox 921 2356 1045 2394; x_wconf 88' lang='lat' dir='ltr'><strong>bestie</strong></span> <span class='ocrx_word' id='word_1_219' title='bbox 1064 2356 1130 2393; x_wconf 89' lang='lat' dir='ltr'>hai</span> <span class='ocrx_word' id='word_1_220' title='bbox 1149 2355 1268 2404; x_wconf 85' lang='lat' dir='ltr'><strong>preda</strong></span> 
     </span>
     <span class='ocr_line' id='line_1_32' title="bbox 358 2415 1079 2465; baseline 0.004 -14"><span class='ocrx_word' id='word_1_221' title='bbox 358 2415 430 2451; x_wconf 81' lang='lat' dir='ltr'>Per</span> <span class='ocrx_word' id='word_1_222' title='bbox 448 2415 483 2452; x_wconf 88' lang='lat' dir='ltr'>la</span> <span class='ocrx_word' id='word_1_223' title='bbox 503 2425 572 2453; x_wconf 91' lang='lat' dir='ltr'>tua</span> <span class='ocrx_word' id='word_1_224' title='bbox 591 2416 696 2454; x_wconf 86' lang='lat' dir='ltr'><strong>fame</strong></span> <span class='ocrx_word' id='word_1_225' title='bbox 717 2428 835 2454; x_wconf 81' lang='lat' dir='ltr'>senza</span> <span class='ocrx_word' id='word_1_226' title='bbox 861 2417 944 2454; x_wconf 89' lang='lat' dir='ltr'>fine</span> <span class='ocrx_word' id='word_1_227' title='bbox 963 2416 1079 2465; x_wconf 87' lang='lat' dir='ltr'>cupa!</span> 
     </span>
     <span class='ocr_line' id='line_1_33' title="bbox 358 2474 1162 2525; baseline 0.004 -15"><span class='ocrx_word' id='word_1_228' title='bbox 358 2474 392 2510; x_wconf 95' lang='lat' dir='ltr'>O</span> <span class='ocrx_word' id='word_1_229' title='bbox 411 2475 499 2522; x_wconf 87' lang='lat' dir='ltr'><strong>ciel,</strong></span> <span class='ocrx_word' id='word_1_230' title='bbox 520 2476 584 2513; x_wconf 88' lang='lat' dir='ltr'>nel</span> <span class='ocrx_word' id='word_1_231' title='bbox 606 2476 672 2513; x_wconf 89' lang='lat' dir='ltr'>cui</span> <span class='ocrx_word' id='word_1_232' title='bbox 690 2476 797 2524; x_wconf 82' lang='lat' dir='ltr'>girar</span> <span class='ocrx_word' id='word_1_233' title='bbox 813 2488 883 2525; x_wconf 82' lang='lat' dir='ltr'>par</span> <span class='ocrx_word' id='word_1_234' title='bbox 901 2477 974 2514; x_wconf 89' lang='lat' dir='ltr'>che</span> <span class='ocrx_word' id='word_1_235' title='bbox 994 2477 1026 2513; x_wconf 89' lang='lat' dir='ltr'>si</span> <span class='ocrx_word' id='word_1_236' title='bbox 1044 2477 1162 2514; x_wconf 89' lang='lat' dir='ltr'><strong>creda</strong></span> 
     </span>
     <span class='ocr_line' id='line_1_34' title="bbox 361 2534 1185 2585; baseline 0.004 -15"><span class='ocrx_word' id='word_1_237' title='bbox 361 2534 416 2571; x_wconf 88' lang='lat' dir='ltr'>Le</span> <span class='ocrx_word' id='word_1_238' title='bbox 435 2536 647 2573; x_wconf 87' lang='lat' dir='ltr'>condizion</span> <span class='ocrx_word' id='word_1_239' title='bbox 667 2536 707 2573; x_wconf 89' lang='lat' dir='ltr'>di</span> <span class='ocrx_word' id='word_1_240' title='bbox 726 2537 902 2585; x_wconf 68' lang='lat' dir='ltr'>quaggih</span> <span class='ocrx_word' id='word_1_241' title='bbox 923 2537 1185 2583; x_wconf 80' lang='lat' dir='ltr'>trasmutarsi,</span> 
     </span>
     <span class='ocr_line' id='line_1_35' title="bbox 360 2595 1289 2646; baseline 0.003 -16"><span class='ocrx_word' id='word_1_242' title='bbox 360 2595 546 2640; x_wconf 82' lang='lat' dir='ltr'>Quando</span> <span class='ocrx_word' id='word_1_243' title='bbox 565 2597 678 2634; x_wconf 56' lang='lat' dir='ltr'><strong>verra</strong></span> <span class='ocrx_word' id='word_1_244' title='bbox 697 2609 766 2645; x_wconf 87' lang='lat' dir='ltr'>per</span> <span class='ocrx_word' id='word_1_245' title='bbox 784 2597 848 2634; x_wconf 88' lang='lat' dir='ltr'>cui</span> <span class='ocrx_word' id='word_1_246' title='bbox 868 2606 1009 2646; x_wconf 88' lang='lat' dir='ltr'><strong>questa</strong></span> <span class='ocrx_word' id='word_1_247' title='bbox 1027 2597 1205 2635; x_wconf 73' lang='lat' dir='ltr'>discedo?</span> <span class='ocrx_word' id='word_1_248' title='bbox 1221 2597 1289 2646; x_wconf 88' lang='lat'><strong>(4).</strong></span> 
     </span>
    </p>
   </div>
   <div class='ocr_carea' id='block_1_11' title="bbox 180 2723 525 2831">
    <p class='ocr_par' dir='ltr' id='par_1_17' title="bbox 180 2723 525 2831">
     <span class='ocr_line' id='line_1_36' title="bbox 187 2723 524 2772; baseline 0.015 -12"><span class='ocrx_word' id='word_1_249' title='bbox 187 2723 244 2772; x_wconf 87' lang='lat'>(1)</span> <span class='ocrx_word' id='word_1_250' title='bbox 291 2723 322 2761; x_wconf 92' lang='lat'>1.</span> <span class='ocrx_word' id='word_1_251' title='bbox 342 2724 388 2762; x_wconf 82' lang='lat' dir='ltr'>L.</span> <span class='ocrx_word' id='word_1_252' title='bbox 409 2726 447 2763; x_wconf 90' lang='lat' dir='ltr'>d.</span> <span class='ocrx_word' id='word_1_253' title='bbox 472 2728 524 2765; x_wconf 84' lang='lat' dir='ltr'>M.</span> 
     </span>
     <span class='ocr_line' id='line_1_37' title="bbox 180 2783 525 2831; baseline 0.012 -11"><span class='ocrx_word' id='word_1_254' title='bbox 180 2783 243 2831; x_wconf 71' lang='lat'>(2)</span> <span class='ocrx_word' id='word_1_255' title='bbox 294 2783 325 2822; x_wconf 91' lang='lat'>1.</span> <span class='ocrx_word' id='word_1_256' title='bbox 345 2785 390 2822; x_wconf 82' lang='lat' dir='ltr'>L.</span> <span class='ocrx_word' id='word_1_257' title='bbox 412 2786 449 2821; x_wconf 92' lang='lat' dir='ltr'>d.</span> <span class='ocrx_word' id='word_1_258' title='bbox 473 2787 525 2824; x_wconf 88' lang='lat' dir='ltr'>M.</span> 
     </span>
    </p>
   </div>
   <div class='ocr_carea' id='block_1_12' title="bbox 186 2844 898 2954">
    <p class='ocr_par' dir='ltr' id='par_1_18' title="bbox 186 2844 898 2954">
     <span class='ocr_line' id='line_1_38' title="bbox 186 2844 898 2899; baseline 0.007 -16"><span class='ocrx_word' id='word_1_259' title='bbox 186 2844 244 2891; x_wconf 86' lang='lat'>(3)</span> <span class='ocrx_word' id='word_1_260' title='bbox 300 2845 375 2883; x_wconf 78' lang='grc' dir='ltr'>(Μ’</span> <span class='ocrx_word' id='word_1_261' title='bbox 392 2848 695 2899; x_wconf 67' lang='grc' dir='ltr'><strong>3ρ3τεςίο.»-Ι.</strong></span> <span class='ocrx_word' id='word_1_262' title='bbox 718 2850 762 2888; x_wconf 83' lang='lat' dir='ltr'>L.</span> <span class='ocrx_word' id='word_1_263' title='bbox 783 2851 821 2888; x_wconf 91' lang='lat' dir='ltr'>d.</span> <span class='ocrx_word' id='word_1_264' title='bbox 845 2852 898 2888; x_wconf 86' lang='lat' dir='ltr'>M.</span> 
     </span>
     <span class='ocr_line' id='line_1_39' title="bbox 189 2904 530 2954; baseline 0.012 -13"><span class='ocrx_word' id='word_1_265' title='bbox 189 2904 244 2954; x_wconf 85' lang='lat'>(4)</span> <span class='ocrx_word' id='word_1_266' title='bbox 296 2905 325 2942; x_wconf 92' lang='lat'>1.</span> <span class='ocrx_word' id='word_1_267' title='bbox 347 2906 393 2943; x_wconf 93' lang='lat' dir='ltr'>L.</span> <span class='ocrx_word' id='word_1_268' title='bbox 415 2908 451 2944; x_wconf 92' lang='lat' dir='ltr'>d.</span> <span class='ocrx_word' id='word_1_269' title='bbox 479 2909 530 2945; x_wconf 82' lang='lat' dir='ltr'>M.</span> 
     </span>
    </p>
   </div>
  </div>
 </body>
</html>
