1786 3198
534 255 698 285 cimus
728 256 784 284 mz
813 245 1035 292 MONDEIJAR
1063 257 1088 284 Y
1117 256 1280 286 BALuze
1529 255 1582 296 27

228 337 298 378 No
310 335 373 391 ‚he
390 333 710 381 tenidonotieia
729 332 784 375 de
802 333 837 375 si
858 334 1043 386 llegaron
1064 337 1088 375 ἕ.
1117 349 1189 376 sus
1207 347 1356 376 manos
1374 334 1427 375 de
1446 335 1548 375 Vm.
1570 334 1636 385 los

174 402 258 445 dos
276 408 416 444 tomos
435 400 713 443 manuscritos
732 401 786 442 de
804 400 1020 442 Concilios
1041 415 1122 455 que
1142 402 1181 442 le
1201 401 1353 450 remiti,
1374 414 1402 453 y
1421 401 1508 442 assi
1527 400 1632 442 esti—

181 472 298 511 mare
317 484 384 511 me
402 468 520 510 avise
539 468 639 511 Vm.
662 467 700 509 si
718 468 782 509 los
806 468 861 508 ha
887 467 1090 516 recibido‚
1114 482 1141 521 y
1161 468 1198 509 si
1216 469 1299 522 hay
1328 482 1380 510 en
1409 469 1516 510 ellos
1533 481 1633 510 cosa

171 549 254 590 que
273 537 414 590 pueda
435 535 566 577 seruit
586 539 610 575 a
631 534 747 582 Vm„
767 549 796 588 y
816 534 853 575 si
872 534 927 575 ha
953 535 1183 587 empezado
1204 538 1229 576 ίι
1248 534 1453 589 imprimit
1472 535 1512 576 la
1530 548 1630 575 nue-

168 616 224 644 ua
241 602 457 644 coleecion
477 603 531 643 de
553 600 770 642 Concilios
795 614 877 654 que
893 600 1103 654 disponia,
1130 615 1288 655 porque
1307 602 1458 643 desseo
1477 600 1631 642 mucho

169 669 272 711 todo
290 674 448 723 quanto
467 667 617 709 saliere
634 667 689 708 de
707 681 757 708 su
778 680 905 708 mano
927 667 980 707 de
999 667 1096 709 Vm.

225 737 293 776 En
312 735 352 776 el
370 735 520 790 Jornal
539 734 605 775 des
633 735 822 788 Sqavants
849 734 902 773 de
932 740 1021 774 este
1049 738 1128 775 ειῆο
1157 734 1278 776 viene
1306 734 1482 776 referida
1504 747 1630 774 como

167 801 340 858 publioe
367 816 422 854 ya
450 803 491 842 la
518 801 686 842 edicion
715 801 769 841 de
798 801 863 841 los
892 801 1119 852 opusculos
1144 802 1197 842 de
1217 802 1256 842 el
1277 802 1343 842 S.r
1363 802 1417 843 de
1437 800 1580 841 Marca
1598 815 1625 853 y

163 869 249 912 assi
272 870 469 911 estimare
488 869 644 910 mucho
662 883 758 922 que,
781 870 816 908 si
837 869 933 909 Vm.
956 869 1093 922 puede
1112 869 1380 911 remitirmela
1398 882 1474 923 por
1493 870 1532 910 el
1554 883 1628 909 se-

164 941 240 979 r‘ior
258 935 532 989 Embajador‚
553 949 677 977 corno
694 936 792 976 hizo
812 949 892 976 con
912 937 949 976 el
970 942 1101 977 tercer
1129 943 1242 976 tomo
1271 937 1324 976 de
1351 937 1412 976 las
1430 938 1482 977 M
1484 935 1626 976 iscela-

165 1018 267 1054 neas,
290 1017 360 1044 me
379 1004 421 1044 la
440 1003 661 1044 encamine
680 1003 819 1055 luego,
841 1017 867 1054 y
889 1002 1072 1043 tambien
1093 1017 1158 1044 me
1177 1004 1274 1056 diga
1293 1003 1330 1044 si
1349 1017 1395 1044 es
1416 1004 1454 1044 la
1474 1002 1624 1044 misma

163 1085 246 1126 que
264 1079 354 1111 esta
372 1070 578 1123 impressa
597 1070 638 1110 la
657 1071 844 1110 Historia
863 1070 908 1109 de
926 1071 1074 1111 Beana
1103 1071 1157 1111 de
1185 1071 1224 1111 el
1254 1070 1405 1123 propio
1431 1074 1551 1110 sefior
1571 1069 1626 1110 de

163 1138 324 1185 Marca,
348 1150 429 1191 que
447 1137 570 1177 viene
587 1137 769 1177 anotada
788 1150 838 1176 en
862 1138 926 1176 los
945 1137 1118 1177 mismos
1148 1138 1337 1192 Jornales
1363 1149 1442 1190 por
1462 1150 1622 1178 nueva-

160 1210 300 1246 mente
318 1204 578 1256 estampada,
598 1205 623 1243 6
643 1203 937 1243 continuacion
960 1204 1012 1243 de
1029 1204 1068 1243 la
1089 1204 1265 1256 primera
1287 1204 1355 1251 (1),
1377 1219 1404 1256 y
1424 1217 1501 1244 vea
1521 1204 1620 1246 Vm.

159 1283 212 1312 en
231 1284 314 1324 que
332 1285 378 1312 se
402 1270 539 1311 ofrece
568 1270 741 1323 poderle
771 1269 901 1310 servir
920 1284 972 1310 en
991 1276 1079 1310 esta
1104 1277 1232 1318 corte,
1255 1284 1336 1323 que
1356 1270 1398 1311 lo
1415 1270 1516 1310 hare
1541 1283 1622 1311 con

160 1337 315 1379 mueho
344 1344 485 1391 gusto,
508 1350 586 1391 por
606 1337 647 1378 lo
674 1351 755 1390 que
783 1337 935 1378 desseo
963 1338 1264 1391 correspondet
1286 1338 1369 1379 ala
1400 1337 1567 1378 mereed
1593 1352 1622 1390 y

157 1403 269 1445 buen
297 1404 433 1445 efecto
462 1417 544 1458 que
572 1417 625 1444 en
661 1405 759 1446 Vm.
792 1403 1096 1456 experimento.
1129 1405 1299 1445 Guarde
1328 1404 1437 1445 Dios
1465 1418 1490 1445 a
1519 1403 1618 1446 Vm.

155 1483 280 1512 como
306 1471 473 1513 desseo.
496 1471 663 1512 Madrid
682 1485 706 1512 a
728 1484 778 1524 25
797 1470 918 1523 junio
941 1471 1172 1513 1681.—-B.
1195 1472 1225 1514 l.
1249 1486 1304 1512 m.
1329 1473 1381 1512 de
1401 1471 1618 1512 Vm.—-Su

156 1536 360 1585 setuidor,
386 1538 442 1578 El
463 1539 515 1578 M
517 1551 657 1590 arques
675 1537 718 1577 dc
738 1539 789 1578 M
791 1537 972 1586 ondexar,
997 1538 1127 1579 Condc
1146 1539 1189 1578 de
1212 1538 1410 1580 Tendilla.

209 1670 431 1725 (Original.
449 1671 560 1713 Bibl.
580 1671 684 1712 Nae.
701 1670 753 1710 de
770 1672 904 1719 Paris,
923 1672 969 1711 N
971 1685 1056 1713 ouv,
1074 1685 1158 1724 acq.
1177 1671 1268 1719 lat..
1287 1685 1324 1712 2.
1330 1685 1425 1726 337,
1442 1672 1513 1717 fol.
1532 1673 1618 1726 99.)

828 1903 933 1973 XI

158 2113 509 2163 Illustrissimo
529 2118 574 2161 et
592 2112 995 2163 excellentissimo
1013 2112 1226 2163 Domino
1238 2111 1452 2178 Gaspari
1469 2114 1530 2162 M
1531 2129 1611 2162 en-

214 2191 347 2242 dozae
372 2189 644 2242 marchioni
679 2190 739 2240 de
760 2191 822 2240 M
824 2191 1056 2250 ondexar‚
1087 2191 1251 2241 comiti
1275 2192 1334 2240 de
1360 2192 1607 2254 Tamuda,

224 2271 501 2338 Stehpanus
525 2269 768 2320 Baluzius
797 2270 1088 2320 TutelensiS.
1118 2271 1175 2320 S.
1203 2272 1267 2320 P.
1294 2273 1364 2321 D.

209 2470 348 2512 Pudet
370 2484 436 2512 me
457 2471 566 2512 serio
595 2485 700 2512 meae
728 2471 1015 2524 indiligentiae,
1039 2470 1113 2511 Vir
1132 2471 1513 2521 Excellentissime,
1535 2487 1605 2514 ne-

148 2552 232 2593 que
249 2538 377 2580 video
397 2553 490 2594 quae
509 2541 623 2593 justa
641 2540 925 2581 excusationis
954 2553 1056 2580 meae
1083 2553 1211 2580 causa
1238 2554 1331 2581 esse
1348 2540 1500 2594 possit,
1522 2541 1602 2582 nisi

147 2611 194 2647 tu
214 2619 291 2660 pro
310 2612 383 2647 tua
403 2607 589 2648 bonitate
608 2607 710 2648 mihi
730 2603 1033 2648 condor'iaveris
1048 2606 1156 2647 hanc
1171 2607 1497 2660 prolapsionem.
1520 2609 1603 2648 De-

151 2672 324 2713 bueram
345 2673 508 2726 quippe
523 2673 688 2725 jamdiu
707 2673 970 2725 rescripsisse
994 2673 1047 2712 ad
1078 2673 1239 2714 litteras
1266 2680 1359 2714 tuas
1386 2674 1507 2714 datas
1535 2675 1604 2715 die

193 2830 244 2879 (1)
296 2830 346 2867 El
361 2831 547 2868 Journal
563 2832 633 2868 des
651 2838 842 2880 sfavants
856 2830 904 2866 de
921 2840 960 2877 31
981 2829 1028 2867 de
1045 2830 1177 2868 Marzo
1191 2831 1239 2868 de
1259 2832 1344 2869 1681
1367 2831 1529 2879 publico
1545 2843 1599 2869 un

139 2889 311 2926 articulo
330 2890 446 2927 sobre
466 2892 524 2927 los
545 2891 768 2940 Opzisculos
786 2891 833 2927 de
854 2891 998 2937 Marca;
1019 2903 1114 2938 pero
1133 2903 1186 2929 no
1205 2892 1254 2929 he
1274 2892 1519 2939 conseguido
1533 2903 1598 2928 en-

137 2958 299 2986 contrat
329 2962 380 2987 en
415 2950 533 2988 dicho
566 2951 767 2999 periodico
799 2951 954 2997 ningim
985 2952 1161 2988 anuncio
1192 2952 1240 2989 de
1267 2952 1299 2988 la
1327 2953 1527 2990 Historia
1549 2952 1601 2988 de

138 3009 294 3057 Blarn,
317 3010 366 3047 de
387 3022 465 3059 que
485 3023 539 3048 no
559 3023 598 3048 se
618 3023 768 3048 conoce
784 3012 870 3047 mas
888 3010 1045 3048 edici6n
1061 3024 1139 3061 que
1157 3013 1191 3049 la
1212 3013 1259 3049 de
1285 3015 1387 3059 1640.
