1786 3198
276 248 360 289 390
745 244 915 272 EDUARD
944 244 1149 273 BOEHMER

170 330 173 332 ’
234 327 510 369 discessuros
541 337 568 366 a
601 322 800 378 prandio.
834 323 982 379 Quare
1015 323 1122 366 D.tio
1146 324 1203 367 V.
1236 323 1456 380 significet
1486 329 1685 370 mentem

222 411 350 441 suam
375 397 578 449 desuper.

293 470 354 514 E.
379 468 440 511 D.
469 467 526 510 V.
554 466 742 509 servitor
764 467 1020 512 Valdesius.

282 543 419 584 1527.

288 722 339 765 S.
407 720 475 764 Te
498 722 674 764 salvum
699 721 935 764 advenisse
964 721 1254 766 vehementer
1281 724 1469 779 gaudeo.
1499 724 1688 769 Cancel-

224 795 335 839 lario
358 787 459 837 cum
484 808 574 836 non
599 794 839 848 placuisset
863 794 1109 850 hospitium
1134 795 1179 837 in
1204 795 1353 848 Pinto‚
1380 796 1469 840 huc
1498 811 1546 840 se
1572 811 1687 840 con-

229 867 333 911 tulit
357 868 580 921 longeque
603 867 765 909 melius
788 866 922 909 habet
944 881 1077 922 quam
1109 881 1211 910 curn
1240 874 1358 912 esset
1386 869 1505 924 apud
1532 870 1687 913 divum

232 941 585 1000 Hieronymum.
612 940 806 996 Quando
841 953 1039 994 unquam
1076 939 1133 982 ad
1159 954 1263 983 eum
1287 942 1479 998 veneris,
1505 942 1596 985 scio
1621 942 1688 986 illi

231 1027 327 1057 rem
352 1019 527 1068 gratam
553 1018 596 1055 te
620 1012 854 1055 facturum.
874 1012 991 1055 Veni
1017 1026 1114 1055 cras
1135 1013 1192 1055 ad
1215 1014 1450 1067 prandium
1474 1015 1511 1057 si
1541 1020 1687 1068 vacat,

228 1087 301 1130 sin
324 1086 474 1129 minus
496 1085 675 1127 veniam
701 1099 784 1140 ego
808 1085 862 1127 ad
886 1090 930 1127 te
953 1085 989 1127 si
1014 1085 1182 1129 licebit.
1207 1086 1396 1130 Munera
1417 1092 1496 1131 tua
1518 1088 1690 1144 accipio

228 1159 544 1215 libentissime,
566 1158 746 1201 tametsi
765 1163 890 1214 potes
908 1173 961 1201 ea
984 1156 1036 1206 (1)
1063 1159 1118 1201 ad
1134 1158 1381 1203 discessum
1399 1174 1540 1216 usque
1556 1165 1688 1204 tuum

227 1246 418 1275 servare.
445 1231 575 1274 Vale.
601 1231 731 1274 Tuus
754 1231 1006 1277 Valdesius.

291 1304 569 1347 Audivimus
602 1304 846 1347 exercitum
881 1304 1138 1347 Caesareum
1172 1310 1274 1360 post
1305 1305 1513 1361 adeptam
1547 1305 1691 1349 victo-

229 1377 344 1422 riam
369 1377 481 1420 duos
504 1382 719 1428 oratoreS,
753 1377 1034 1421 Germanum
1066 1380 1274 1431 alterum,
1302 1379 1492 1422 alterum
1525 1379 1689 1435 Hispa-

232 1464 361 1502 num,
399 1451 455 1493 ad
489 1450 757 1494 Pontificem
791 1451 1041 1494 destinasse
1074 1458 1123 1495 ut
1155 1453 1211 1496 ab
1243 1467 1295 1495 eo
1324 1452 1401 1508 qui
1429 1457 1695 1508 extorquere

232 1524 408 1566 solebat
431 1522 666 1579 pecuniam
692 1516 994 1578 extorqueant.
1018 1525 1091 1568 Sic
1115 1531 1261 1568 mutat
1282 1524 1464 1568 fortuna
1485 1525 1619 1568 viceS.

294 1599 429 1641 1527.
493 1595 703 1653 Sigillum
725 1610 886 1639 cereum
908 1597 1097 1643 rubrum.

295 1780 346 1823 S.
373 1793 419 1835 p.
487 1778 765 1822 Valebamus
787 1779 967 1834 quidem
993 1794 1075 1822 nos
1098 1794 1232 1835 quam
1256 1779 1503 1823 rectissime
1525 1780 1571 1822 in
1596 1780 1689 1825 Co-

236 1853 382 1909 viglas
405 1852 482 1895 ubi
506 1852 669 1895 mirum
704 1857 752 1894 ut
782 1852 936 1895 omnia
971 1852 1082 1895 mihi
1115 1867 1168 1896 ex
1199 1853 1420 1896 sententia
1442 1859 1689 1904 cesserunt,

233 1932 285 1968 at
325 1929 565 1980 postquam
601 1938 653 1966 eo
691 1923 931 1967 dementiae
970 1925 1186 1968 adductus
1217 1939 1316 1968 sum
1354 1932 1405 1969 ut
1440 1925 1692 1969 Palentiam

240 1998 460 2049 venirem,
492 1995 604 2052 proh
638 1997 790 2040 Deum
826 1997 1127 2041 immortalem
1154 2013 1288 2053 quam
1319 2004 1496 2042 mutata
1519 1997 1692 2042 omnia!

240 2072 445 2115 Primum
471 2071 594 2113 locus
615 2068 849 2124 displicere
881 2070 1033 2124 coepit,
1070 2070 1228 2113 deinde
1258 2071 1551 2114 diversorium
1585 2072 1690 2114 nul-

241 2145 334 2187 lum
357 2143 524 2194 inveni,
551 2148 595 2185 et
618 2142 736 2196 quod
760 2141 981 2184 infelicius
1003 2143 1206 2186 omnium
1219 2141 1383 2198 judico,
1405 2142 1695 2198 impudentis-

237 2216 368 2259 simis
391 2213 803 2259 machinationibus
834 2214 878 2256 in
913 2228 1064 2257 meum
1099 2215 1346 2269 praesertim
1379 2229 1530 2258 senem
1562 2216 1696 2270 plena

237 2288 407 2331 omnia.
432 2288 535 2330 Hoc
558 2292 745 2341 praestat
773 2285 965 2337 inscitia,
994 2286 1079 2329 hoc
1108 2288 1290 2342 praestat
1321 2288 1511 2330 cuculla.
1543 2288 1696 2345 Quam

241 2361 455 2403 facillime
478 2366 629 2403 tamen
654 2373 814 2402 omnes
837 2357 1040 2402 om'nium
1071 2360 1432 2403 machinationes
1464 2374 1536 2402 me
1558 2374 1693 2416 supe-

242 2439 443 2476 raturum
469 2446 616 2487 spero.
643 2433 787 2474 Doleo
810 2438 853 2474 te
878 2446 967 2475 non
992 2433 1178 2475 omnino
1200 2447 1254 2475 ex
1271 2432 1508 2484 sententia,
1530 2438 1579 2475 ut
1596 2432 1697 2477 scri-

242 2505 327 2554 bis,
364 2505 463 2547 istic
496 2518 609 2546 esse.
647 2504 834 2547 Utinam
869 2503 998 2546 nobis
1034 2503 1236 2547 licuisset
1272 2504 1390 2559 apud
1426 2503 1701 2559 Coviglanos

239 2583 417 2620 nostros
440 2580 585 2631 agere!
611 2576 783 2634 Quodsi
806 2575 1067 2632 praestantia
1089 2582 1170 2620 tua
1190 2577 1296 2620 illuc
1319 2577 1578 2628 mansisset,
1605 2590 1696 2620 non

242 2654 337 2692 tam
370 2650 499 2692 facile
532 2663 604 2692 me
637 2649 694 2692 ab
726 2664 779 2693 ea
807 2650 956 2692 divelli
991 2663 1151 2705 passus
1177 2649 1378 2694 fuissem.
1412 2650 1609 2694 Litteras
1640 2649 1697 2693 ad

236 2721 301 2765 D.
324 2722 618 2776 Praepositum
642 2736 732 2765 non
755 2722 863 2765 vidi.

305 2794 495 2838 Gaudeo
517 2795 598 2837 tibi
622 2809 720 2838 esse
743 2795 1066 2839 commercium
1088 2809 1191 2839 cum
1217 2795 1454 2845 Marliano,
1488 2799 1556 2837 est
1575 2793 1698 2837 enim

290 2949 348 2997 (ι)
397 2950 694 2998 Apographum
715 2958 894 2998 potereas
911 2962 970 2990 ea.
