1786 3198
349 254 352 256 ,
411 222 580 253 cUA‘rRO
609 224 816 252 PALABRAS
848 224 978 254 SOBRE
1013 225 1120 253 (DON
1152 225 1278 263 JUAN»
1435 225 1514 267 207

106 303 254 361 yenda
276 303 346 347 del
368 305 531 347 Fausto
551 318 580 359 y
612 304 665 363 de
691 308 814 347 otras
849 318 1007 347 menos
1038 305 1236 349 famosas
1267 320 1295 362 y
1329 306 1428 349 mas
1459 307 1568 349 obs·

108 376 490 434 curasleyendam
520 378 614 420 Lea
647 377 782 432 quien
817 378 968 432 quiera
1002 379 1044 421 13
1076 378 1360 422 voluminosa
1383 379 1490 423 obra
1514 380 1566 423 de

47 497 50 499 ,
108 449 164 494 G.
182 447 446 502 Milchsack,
482 449 687 492 Historia
710 451 772 494 D.
806 450 1018 507 Jolmnnis
1050 452 1203 494 Fausti
1234 451 1302 495 des
1333 452 1567 495 Zauberers

110 521 476 576 (Wolfenbfittel,
506 523 750 579 1892·97),
779 537 809 578 y
835 526 939 566 vera
957 525 1143 566 cuantas
1160 525 1367 568 tinieblas
1385 527 1566 569 envuel-

108 609 193 638 ven
217 596 308 638 al'm
331 597 356 638 a
380 596 423 639 13
451 596 749 640 «verdadera»
781 597 969 640 historia
988 599 1060 641 del
1080 598 1345 641 afortunado
1364 598 1562 642 hechice·

107 683 158 712 ro
179 669 357 713 aleman
383 668 448 717 (1).

170 742 430 798 Respondio
449 743 490 786 el
503 741 579 787 Sr.
601 742 787 786 Simone
801 744 1031 795 Brouwer‚
1050 744 1238 802 despues
1255 746 1308 788 de
1321 746 1446 800 larga
1464 759 1565 801 pau-

39 828 42 829 ’
107 829 175 872 sa,
192 817 220 858 3
236 814 299 858 mi
318 815 511 868 estudio‚
531 830 586 859 en
603 816 684 859 dos
701 816 917 859 articulos
935 816 988 859 de
1005 830 1095 860 una
1110 819 1330 875 Rassegna
1348 819 1401 861 de
1420 818 1566 873 Napo-

106 889 172 932 les
195 886 267 942 (2),
302 888 542 944 ahogando
565 902 616 932 su
644 889 872 933 sabiduria
894 903 948 932 en
982 903 1041 933 un
1065 904 1162 934 mar
1183 891 1236 934 de
1268 892 1423 934 titulos
1440 895 1562 934 este·

105 961 224 1006 riles.

166 1035 260 1079 Las
284 1034 692 1090 representaciones
715 1035 830 1078 dela
848 1035 984 1090 opera
1000 1035 1210 1080 inmortal
1228 1039 1326 1080 Don
1350 1038 1567 1081 Giovamzi

106 1123 192 1153 con
228 1108 413 1152 ocasion
453 1110 523 1152 del
561 1108 822 1153 centenario
860 1109 912 1152 de
944 1110 1135 1162 Mozart,
1175 1111 1262 1154 han
1303 1111 1561 1167 producido,

105 1195 238 1226 como
259 1181 388 1226 todos
411 1183 479 1225 los
502 1183 784 1226 centenarios
807 1196 864 1225 en
887 1184 1088 1237 general,
1118 1184 1411 1228 muchisirnas
1434 1186 1560 1241 pala-

105 1254 208 1298 bras
228 1269 258 1311 y
280 1254 452 1310 ningt'm
488 1255 630 1299 hecho
669 1255 929 1299 verdadero.
966 1255 1081 1299 Tres
1115 1258 1328 1300 articulos
1360 1259 1414 1301 de
1442 1258 1561 1301 Gus-

104 1333 208 1372 tave
229 1329 500 1371 Larroumet
525 1329 656 1372 sobre
679 1329 719 1371 el
743 1329 844 1371 Don
867 1330 1010 1386 Juan,
1036 1344 1087 1372 en
1111 1332 1171 1372 Le
1190 1331 1338 1387 Temps
1355 1331 1409 1373 de
1429 1331 1558 1388 1897,

105 1401 301 1445 estriban
326 1403 415 1444 aun
439 1402 529 1445 casi
554 1416 633 1458 por
656 1403 884 1458 completo
908 1416 964 1445 en
988 1403 1056 1446 los
1090 1404 1288 1447 estudios
1318 1404 1372 1448 de
1394 1405 1562 1448 Antoi-

106 1487 164 1517 ne
187 1474 241 1517 de
258 1475 430 1518 Latour
454 1473 524 1521 (3).

165 1548 235 1591 La
271 1547 466 1591 reciente
489 1547 752 1592 traduccion
777 1549 984 1593 alemana
1006 1549 1076 1592 del
1101 1549 1138 1592 T
1139 1550 1294 1602 enorio,
1319 1550 1374 1593 de
1405 1550 1559 1594 Zorri-

105 1621 182 1672 lla,
210 1621 356 1665 hecha
372 1635 457 1665 con
482 1622 647 1665 mucho
667 1635 842 1665 esmero
867 1636 946 1678 por
968 1623 1012 1680 J.
1041 1624 1078 1666 F
1080 1624 1324 1674 astenrath,
1350 1638 1378 1679 y
1401 1624 1560 1680 mejor,

105 1694 173 1738 sin
197 1695 330 1746 duda,
357 1709 442 1750 que
465 1696 510 1738 la
534 1695 739 1753 anterior.
767 1695 821 1738 de
855 1696 1006 1739 Wilde
1029 1697 1203 1752 (1850),
1230 1698 1348 1740 lleva
1370 1698 1412 1741 al
1436 1698 1561 1753 prin-

103 1767 220 1824 cipio
245 1782 304 1811 un
335 1769 509 1812 estudio
538 1769 669 1811 sobre
702 1769 747 1811 13
779 1769 972 1825 leyenda
1005 1770 1057 1812 de
1087 1771 1147 1813 D.
1179 1771 1297 1827 Juan
1329 1784 1383 1813 en
1414 1772 1559 1826 Espa·

107 1847 166 1886 fia
198 1858 227 1899 y
259 1857 313 1886 en
349 1844 416 1887 las
452 1844 707 1887 literaturas
745 1844 798 1887 de
829 1846 1025 1900 Europa,
1064 1857 1166 1898 que,
1192 1844 1219 1886 3
1251 1857 1381 1899 pesar
1413 1843 1467 1887 de
1500 1858 1560 1887 un

108 1914 332 1971 profundo
364 1922 543 1973 respeto
565 1919 592 1961 3
615 1917 777 1960 ciertas
810 1918 1037 1961 creencias
1070 1917 1383 1960 tradicionales
1417 1920 1558 1973 (espa-

106 1987 300 2031 fiolismo
322 1990 375 2032 de
397 1990 441 2033 la
463 1991 666 2046 leyenda,
701 1990 963 2046 paternidad
994 1991 1047 2034 de
1080 1991 1208 2033 Tirso
1232 1991 1284 2033 de
1306 1991 1369 2033 El
1390 1991 1558 2034 Burla-

105 2061 197 2114 dor,
226 2063 481 2118 genialidad
511 2078 643 2107 suma
672 2064 741 2108 del
778 2065 968 2117 Tenorio,
1003 2066 1055 2108 de
1089 2063 1295 2115 Zorrilla,
1340 2064 1444 2107 «das
1475 2065 1561 2107 alle

105 2135 228 2178 seine
263 2138 457 2180 anderen
492 2139 660 2189 &Verke
697 2139 897 2194 getodtet
935 2138 1030 2190 hat,
1066 2140 1216 2190 etc.»),
1259 2138 1386 2192 sigue
1418 2143 1560 2192 punto

104 2222 184 2263 por
206 2215 348 2265 punto
382 2210 468 2254 mis
500 2210 697 2268 propias,
733 2211 877 2254 malas
914 2211 940 2252 ὁ
978 2212 1160 2260 buenas,
1205 2200 1385 2253 inuflles
1417 2211 1444 2252 6
1466 2210 1556 2254 uti-

153 2403 206 2452 (1)
259 2403 383 2441 Vease
414 2404 435 2440 a
463 2412 543 2441 este
579 2403 784 2452 proposito
810 2403 866 2440 las
903 2404 1122 2452 Gottinger
1156 2403 1335 2442 Gelehrt.
1370 2404 1557 2453 Anqeig„

110 2463 213 2510 1898.

154 2527 206 2573 (2)
259 2528 422 2562 Ancora
451 2526 541 2562 Don
570 2525 776 2562 Giovanni
806 2524 1108 2573 (Osservaqioni
1137 2526 1185 2562 ed
1212 2527 1415 2576 appunfi),
1445 2539 1495 2564 en
1523 2528 1559 2564 la

105 2587 325 2635 Rassegna
343 2586 493 2623 critica
510 2586 625 2622 della
644 2585 775 2622 letter.
806 2585 912 2627 ital..
935 2585 982 2630 ΙΙ,
1005 2585 1050 2631 56
1069 2597 1091 2632 y
1111 2584 1340 2632 siguientes.

152 2647 205 2696 (3)
258 2650 290 2684 A
304 2658 459 2696 propos
475 2648 525 2684 de
547 2647 638 2683 Don
666 2647 701 2682 J
704 2657 783 2683 uan
813 2645 893 2694 (La
918 2645 1177 2682 renaissance
1202 2647 1427 2696 espagnole
1451 2655 1488 2685 et
1515 2649 1560 2684 Ia

104 2709 275 2758 legende
291 2710 341 2745 de
358 2709 449 2745 Don
469 2708 603 2753 Juan,·
622 2708 680 2744 Le
707 2707 796 2742 Don
823 2706 926 2742 Juan
952 2706 1002 2741 de
1031 2705 1155 2741 Tirso
1180 2707 1229 2742 de
1253 2707 1439 2754 Molina;
1466 2709 1557 2746 Don

103 2770 220 2806 Juan
240 2768 454 2815 ὰδένίΙΙε)
473 2768 531 2805 Le
553 2768 716 2815 Temps,
746 2778 805 2813 23,
835 2766 895 2811 26,
924 2777 970 2813 29
997 2765 1117 2801 ,lunio
1147 2767 1249 2814 1897:
1283 2768 1346 2804 «Je
1374 2769 1558 2805 voudrais

103 2829 223 2873 donc,
246 2829 429 2877 puisque‚
451 2828 477 2865 3
495 2838 596 2865 cette
616 2828 736 2864 heure
756 2835 845 2862 tout
865 2834 922 2862 est
941 2825 967 2862 3
985 2825 1195 2874 l'Espagne
1221 2836 1259 2864 et
1283 2829 1308 2865 3
1327 2829 1554 2878 Βοηᾷυειη,

103 2890 282 2936 rappeler
317 2889 513 2937 l’original
544 2887 756 2937 espagnol‚
789 2887 858 2934 qui
887 2895 945 2924 est
970 2897 1048 2934 peu
1076 2898 1228 2934 connu,
1257 2898 1295 2925 et
1323 2890 1357 2926 le
1385 2889 1557 2937 replacer

101 2951 200 2986 dans
221 2962 295 2987 son
314 2950 445 2996 cadre,
468 2950 538 2998 qui
556 2950 643 2986 l’est
662 2959 807 2985 encore
828 2948 996 2984 moins.»
