1786 3198
1688 0 1757 38 ἀς

294 207 377 259 388
760 215 932 245 EDUARD
960 215 1166 245 BoEHuER

307 298 365 340 El
397 297 509 351 Rey.
545 294 645 339 Ill.is
684 294 842 351 mag.ci
879 300 923 337 et
954 295 1125 338 nobiles
1157 293 1255 347 viri,
1288 292 1531 337 consiliarii
1560 291 1705 347 nostr}

252 369 407 412 fideles
435 367 602 410 dilecti.
639 367 696 409 El
727 365 969 421 magnifico
998 368 1111 426 Joan
1143 366 1380 418 Dantisco,
1413 365 1707 416 Embaxadot

248 442 301 483 de
334 442 378 482 la
416 439 701 482 serenissima
738 454 876 495 reyna
911 440 964 482 de
998 439 1202 491 Polonia,
1237 439 1460 494 duquessa
1491 438 1544 482 de
1572 437 1700 490 Bari,

240 518 423 556 nuestra
446 526 554 567 muy
576 526 680 554 cara
701 526 731 567 y
754 525 861 567 muy
884 512 1047 554 amada
1070 511 1215 567 prima
1236 525 1266 567 y
1286 511 1518 562 hermana,
1541 524 1625 553 nos
1641 509 1707 553 ha

249 584 394 627 hecho
417 584 610 626 relacion
635 598 720 639 que
743 585 903 627 stando
926 585 969 626 la
991 584 1080 626 i11.e
1102 585 1300 639 duquesa
1325 584 1380 626 de
1408 583 1564 634 Milan,
1595 595 1705 625 ma-

242 657 394 706 drede
417 658 460 699 13
489 656 622 700 dicha
654 657 941 699 serenissima
972 671 1125 712 reyna,
1158 657 1200 699 al
1229 657 1398 711 tiempo
1427 669 1511 710 que
1534 653 1699 704 murio,

246 742 302 771 en
325 728 515 784 pacifica
538 728 793 784 possession
816 728 870 771 de
892 743 983 771 una
1005 728 1170 772 dehesa
1201 743 1256 771 en
1285 728 1440 771 Monte
1463 727 1632 783 Serico,
1659 726 1706 769 le

242 800 315 843 fue
337 815 418 856 por
442 807 627 844 nuestra
647 801 774 857 regia
795 807 918 844 corte
940 801 1124 844 tomada
1143 815 1174 857 y
1194 801 1425 856 occupada
1447 800 1518 843 sin
1547 813 1633 855 que
1654 798 1700 841 la

240 872 372 915 dicha
394 873 682 916 serenissima
702 887 840 929 reyna
863 887 994 916 como
1018 888 1070 915 su
1094 872 1299 929 legitima
1319 872 1530 916 hei-edera
1551 871 1705 914 fuesse

238 943 438 988 llamada
459 960 519 1002 ny
541 946 673 1002 oyda‚
698 961 753 989 en
786 960 871 1001 que
903 945 1067 988 recibio
1092 945 1257 989 mucho
1279 945 1480 1002 agravio,
1505 959 1534 1001 y
1555 944 1701 988 ahun·

241 1031 328 1072 que
351 1018 411 1060 ha
433 1019 591 1074 pedido
610 1018 795 1074 justicia
818 1033 871 1061 en
895 1033 996 1061 essa
1019 1024 1200 1061 nuestra
1221 1018 1345 1074 regia
1366 1032 1561 1070 camera,
1586 1030 1708 1060 nun—-

245 1103 299 1132 ca
322 1090 381 1133 ha
404 1090 566 1146 podido
590 1091 800 1147 alcanoar
821 1092 881 1147 la,
907 1105 1039 1146 supp.
1071 1105 1152 1134 nos
1182 1091 1521 1134 mandassemos
1550 1103 1636 1145 que
1656 1090 1703 1133 la

245 1161 379 1205 dicha
401 1175 536 1206 causa
563 1163 710 1206 fuesse
735 1164 1021 1206 brevemente
1050 1159 1360 1206 deterininada
1379 1178 1408 1219 y
1429 1177 1456 1206 a
1478 1163 1566 1206 ella
1590 1177 1705 1206 con·

244 1234 388 1278 forme
421 1250 448 1279 a
477 1236 660 1291 justicia
689 1238 733 1279 la
765 1236 1016 1292 possession
1053 1237 1107 1279 de
1138 1236 1183 1279 13
1213 1234 1346 1279 dicha
1374 1235 1540 1278 dehesa
1569 1235 1700 1279 resti-

237 1307 392 1362 tuyda.
418 1322 446 1363 y
470 1322 636 1363 porque
658 1309 916 1352 desseamos
933 1310 1190 1364 complazer
1206 1309 1249 1351 13
1266 1308 1398 1351 dicha
1415 1307 1700 1352 serenissima

235 1393 375 1435 reyna
396 1394 450 1422 en
474 1386 570 1423 esto
592 1395 622 1436 y
644 1395 699 1423 en
723 1395 830 1423 cosa
852 1382 905 1424 de
928 1396 1088 1437 mayor
1109 1380 1419 1436 imponancia,
1440 1380 1524 1423 hos
1546 1394 1698 1424 encar-

239 1466 401 1507 gamos
422 1467 453 1509 y
476 1455 748 1496 mandamos
776 1467 862 1509 que
884 1468 1021 1510 veays
1052 1457 1185 1510 luego
1217 1453 1287 1496 sin
1312 1467 1411 1496 mas
1440 1453 1632 1497 dilacion
1655 1451 1700 1497 13

238 1525 374 1567 dicha
395 1540 549 1582 causa,
574 1541 603 1582 y
626 1527 943 1570 consideradas
965 1528 1031 1569 las
1053 1526 1259 1582 palabras
1289 1526 1357 1568 del
1387 1526 1702 1581 privilegio'de

235 1598 280 1640 la
310 1597 442 1640 dicha
472 1597 763 1643 serenissima
790 1614 928 1654 reyna
956 1615 985 1655 y
1014 1601 1057 1642 lo
1089 1614 1174 1655 que
1197 1613 1276 1654 por
1298 1613 1349 1641 su
1373 1605 1498 1654 parte
1520 1600 1578 1643 ha
1599 1599 1703 1644 sido

235 1671 442 1726 allegado
479 1671 654 1728 hagays
681 1686 711 1728 y
733 1673 1031 1728 determineys
1066 1674 1109 1715 lo
1144 1687 1230 1728 que
1260 1672 1486 1715 mediante
1514 1671 1699 1728 justicia

235 1743 463 1799 hallareys
496 1746 630 1787 dever
662 1759 710 1787 se
742 1745 878 1787 hazer
908 1759 938 1800 y
966 1745 1251 1788 determinar.
1283 1757 1367 1799 que
1396 1745 1486 1787 assi
1509 1745 1702 1800 procede

234 1814 289 1857 de
321 1823 503 1859 nuestra
533 1817 844 1860 determinada
872 1818 1104 1860 voluntad.
1137 1818 1180 1860 la
1209 1821 1415 1872 presente
1437 1817 1631 1868 restituit
1654 1819 1700 1861 al

229 1895 532 1941 presentante.

297 1961 430 2003 Datae
448 1975 502 2003 en
525 1964 733 2016 Augusta
760 1976 786 2004 a
809 1963 965 2005 XXXI
985 1962 1038 2004 de
1060 1962 1241 2005 octubre
1263 1966 1351 2006 3ᾔο
1373 1963 1427 2017 de
1445 1962 1697 2007 MDXXX.

239 2033 309 2075 Yo
332 2034 372 2075 el
398 2034 509 2090 Rey.
534 2034 774 2077 Valdesius
794 2035 1088 2078 secretarius.

307 2178 549 2233 Magnifice
583 2179 780 2221 Domine
813 2179 992 2231 Orator,
1028 2179 1264 2235 impetravi
1297 2195 1323 2223 a
1354 2180 1554 2223 Domino
1579 2180 1703 2224 Can-

246 2250 426 2292 cellario
453 2256 502 2293 ut
531 2252 702 2306 possim
738 2251 785 2294 in
812 2266 893 2294 sua
922 2253 1150 2307 Apologia
1181 2251 1231 2299 (1)
1261 2253 1428 2308 aliquid
1456 2253 1703 2296 immutare

240 2320 484 2365 dummodo
517 2329 701 2367 maneat
727 2324 981 2367 substantia
1014 2330 1147 2379 prout
1178 2330 1262 2375 est,
1294 2339 1376 2380 ego
1398 2339 1503 2367 vero
1530 2326 1700 2369 nollem

239 2394 478 2449 quiequam
504 2402 677 2439 tentare
699 2396 786 2439 nisi
809 2397 878 2439 vel
902 2398 961 2439 D.
989 2399 1046 2439 V.
1073 2398 1144 2439 vel
1168 2397 1260 2440 Dni
1280 2397 1473 2440 Cornelii
1493 2396 1546 2443 (2)
1567 2397 1701 2441 ades-

237 2472 306 2508 set
330 2469 567 2522 auxilium,
595 2470 681 2512 hoc
702 2475 855 2512 tamen
881 2475 1047 2524 quanto
1069 2469 1202 2512 citius
1231 2469 1327 2512 fieri
1353 2475 1506 2527 posset
1525 2470 1698 2513 factum

237 2541 417 2584 vellem.
445 2541 493 2584 Si
517 2542 670 2585 liceret
691 2542 847 2585 abesse
869 2557 896 2585 a
918 2543 1070 2594 domo,
1095 2542 1207 2585 irem
1231 2541 1287 2585 ad
1310 2542 1371 2584 D.
1399 2542 1472 2593 V.‚
1499 2542 1577 2585 sed
1599 2555 1698 2585 ma-

286 2730 337 2777 (1)
389 2732 472 2767 Pro
491 2733 662 2770 Coesare
680 2734 736 2770 ad
751 2734 980 2771 Romanum
999 2732 1241 2782 Pontificem
1259 2732 1469 2779 mittenda,
1490 2743 1577 2782 quae
1598 2744 1703 2770 mox

238 2790 359 2839 typis
377 2792 574 2840 evulgata
592 2800 661 2830 est.
685 2793 721 2830 C
715 2794 760 2843 s.
784 2793 946 2831 litteras
961 2793 1156 2830 Dantisci
1174 2793 1215 2829 in
1242 2793 1388 2829 Baetica
1406 2792 1607 2841 Hispaniae
1624 2793 1701 2830 ΧΠ

239 2849 425 2886 Octobris
450 2853 540 2889 1526
557 2854 694 2890 datas.
715 2853 817 2890 Acta
835 2853 1087 2899 Tomiciana‚
1108 2853 1215 2899 VIII,
1229 2865 1275 2902 p.
1297 2854 1366 2899 356
1385 2864 1442 2902 sq.

287 2908 338 2957 (2)
392 2910 603 2947 Cornelius
626 2913 834 2961 Duplicius
851 2914 1086 2962 Scepperus.
1113 2913 1209 2952 Vid.
1233 2913 1345 2960 ibid„
1359 2925 1406 2962 p.
1428 2923 1510 2960 353.
