<?xml version="1.0" encoding="UTF-8"?>
<!DOCTYPE html PUBLIC "-//W3C//DTD XHTML 1.0 Transitional//EN"
    "http://www.w3.org/TR/xhtml1/DTD/xhtml1-transitional.dtd">
<html xmlns="http://www.w3.org/1999/xhtml" xml:lang="en" lang="en">
 <head>
  <title>
</title>
<meta http-equiv="Content-Type" content="text/html;charset=utf-8" />
  <meta name='ocr-system' content='tesseract 3.04.00' />
  <meta name='ocr-capabilities' content='ocr_page ocr_carea ocr_par ocr_line ocrx_word'/>
</head>
<body>
  <div class='ocr_page' id='page_1' title='image "./homenajemennde01menuoft/homenajemennde01menuoft_0437.png"; bbox 0 0 1786 3198; ppageno 0'>
   <div class='ocr_carea' id='block_1_1' title="bbox 400 251 1545 294">
    <p class='ocr_par' dir='ltr' id='par_1_1' title="bbox 400 251 1545 294">
     <span class='ocr_line' id='line_1_1' title="bbox 400 251 1545 294; baseline 0.003 -15"><span class='ocrx_word' id='word_1_1' title='bbox 400 251 580 281; x_wconf 73' lang='lat' dir='ltr'>ALFONSI</span> <span class='ocrx_word' id='word_1_2' title='bbox 612 253 811 282; x_wconf 80' lang='lat' dir='ltr'><strong>VALDESH</strong></span> <span class='ocrx_word' id='word_1_3' title='bbox 841 254 1039 284; x_wconf 69' lang='lat' dir='ltr'>1,erssssAE</span> <span class='ocrx_word' id='word_1_4' title='bbox 1067 254 1122 282; x_wconf 80' lang='lat' dir='ltr'><strong>XL</strong></span> <span class='ocrx_word' id='word_1_5' title='bbox 1152 254 1344 283; x_wconf 76' lang='lat' dir='ltr'><strong>mEDlTAE</strong></span> <span class='ocrx_word' id='word_1_6' title='bbox 1465 253 1545 294; x_wconf 82' lang='grc'><strong>393</strong></span> 
     </span>
    </p>
   </div>
   <div class='ocr_carea' id='block_1_2' title="bbox 117 331 1608 2188">
    <p class='ocr_par' dir='ltr' id='par_1_2' title="bbox 136 331 1599 460">
     <span class='ocr_line' id='line_1_2' title="bbox 136 331 1599 391; baseline 0.001 -18"><span class='ocrx_word' id='word_1_7' title='bbox 136 344 326 387; x_wconf 61' lang='lat' dir='ltr'><strong>gnanere</strong></span> <span class='ocrx_word' id='word_1_8' title='bbox 346 344 487 386; x_wconf 89' lang='lat' dir='ltr'><strong>usque</strong></span> <span class='ocrx_word' id='word_1_9' title='bbox 506 332 563 374; x_wconf 89' lang='lat' dir='ltr'><strong>ad</strong></span> <span class='ocrx_word' id='word_1_10' title='bbox 585 331 705 374; x_wconf 90' lang='lat' dir='ltr'><strong>diem</strong></span> <span class='ocrx_word' id='word_1_11' title='bbox 728 333 1004 376; x_wconf 89' lang='lat' dir='ltr'><strong>dominicum</strong></span> <span class='ocrx_word' id='word_1_12' title='bbox 1027 335 1096 377; x_wconf 90' lang='lat' dir='ltr'><strong>vel</strong></span> <span class='ocrx_word' id='word_1_13' title='bbox 1120 335 1256 377; x_wconf 83' lang='lat' dir='ltr'><strong>lunae.</strong></span> <span class='ocrx_word' id='word_1_14' title='bbox 1282 333 1414 391; x_wconf 83' lang='lat' dir='ltr'><strong>Quod</strong></span> <span class='ocrx_word' id='word_1_15' title='bbox 1434 332 1599 376; x_wconf 88' lang='lat' dir='ltr'><strong>facien·</strong></span> 
     </span>
     <span class='ocr_line' id='line_1_3' title="bbox 140 403 1242 460; baseline 0.002 -13"><span class='ocrx_word' id='word_1_16' title='bbox 140 403 251 448; x_wconf 90' lang='lat' dir='ltr'><strong>dum</strong></span> <span class='ocrx_word' id='word_1_17' title='bbox 274 403 374 455; x_wconf 86' lang='lat' dir='ltr'><strong>erit,</strong></span> <span class='ocrx_word' id='word_1_18' title='bbox 400 403 446 447; x_wconf 89' lang='lat' dir='ltr'><strong>in</strong></span> <span class='ocrx_word' id='word_1_19' title='bbox 469 409 672 460; x_wconf 82' lang='lat' dir='ltr'><strong>tempore</strong></span> <span class='ocrx_word' id='word_1_20' title='bbox 694 418 748 447; x_wconf 88' lang='lat' dir='ltr'><strong>ex</strong></span> <span class='ocrx_word' id='word_1_21' title='bbox 770 419 842 447; x_wconf 92' lang='lat' dir='ltr'><strong>me</strong></span> <span class='ocrx_word' id='word_1_22' title='bbox 863 405 964 448; x_wconf 85' lang='lat' dir='ltr'><strong>faxo</strong></span> <span class='ocrx_word' id='word_1_23' title='bbox 987 412 1037 449; x_wconf 90' lang='lat' dir='ltr'><strong>ut</strong></span> <span class='ocrx_word' id='word_1_24' title='bbox 1058 406 1242 450; x_wconf 88' lang='lat' dir='ltr'><strong>habeas.</strong></span> 
     </span>
    </p>

    <p class='ocr_par' dir='ltr' id='par_1_3' title="bbox 137 469 1601 823">
     <span class='ocr_line' id='line_1_4' title="bbox 203 469 1600 533; baseline 0.001 -13"><span class='ocrx_word' id='word_1_25' title='bbox 203 469 331 521; x_wconf 87' lang='lat' dir='ltr'><strong>Nihil</strong></span> <span class='ocrx_word' id='word_1_26' title='bbox 354 482 423 520; x_wconf 87' lang='lat' dir='ltr'><strong>est</strong></span> <span class='ocrx_word' id='word_1_27' title='bbox 445 478 562 532; x_wconf 90' lang='lat' dir='ltr'><strong>quod</strong></span> <span class='ocrx_word' id='word_1_28' title='bbox 583 478 778 520; x_wconf 87' lang='lat' dir='ltr'><strong>verearis</strong></span> <span class='ocrx_word' id='word_1_29' title='bbox 811 478 922 520; x_wconf 88' lang='lat' dir='ltr'><strong>mihi</strong></span> <span class='ocrx_word' id='word_1_30' title='bbox 951 477 1223 521; x_wconf 89' lang='lat' dir='ltr'>incommodi</span> <span class='ocrx_word' id='word_1_31' title='bbox 1244 478 1447 521; x_wconf 86' lang='lat' dir='ltr'><strong>futurum</strong></span> <span class='ocrx_word' id='word_1_32' title='bbox 1480 477 1600 533; x_wconf 87' lang='lat' dir='ltr'><strong>quod</strong></span> 
     </span>
     <span class='ocr_line' id='line_1_5' title="bbox 137 549 1599 606; baseline -0.001 -12"><span class='ocrx_word' id='word_1_33' title='bbox 137 549 222 594; x_wconf 88' lang='lat' dir='ltr'><strong>tibi</strong></span> <span class='ocrx_word' id='word_1_34' title='bbox 257 549 503 606; x_wconf 90' lang='lat' dir='ltr'><strong>hospitium</strong></span> <span class='ocrx_word' id='word_1_35' title='bbox 534 551 978 606; x_wconf 84' lang='lat' dir='ltr'><strong>communicaverim,</strong></span> <span class='ocrx_word' id='word_1_36' title='bbox 1018 565 1106 593; x_wconf 89' lang='lat' dir='ltr'><strong>non</strong></span> <span class='ocrx_word' id='word_1_37' title='bbox 1135 556 1229 593; x_wconf 92' lang='lat' dir='ltr'><strong>tam</strong></span> <span class='ocrx_word' id='word_1_38' title='bbox 1260 550 1488 593; x_wconf 88' lang='lat' dir='ltr'><strong>insaniunt</strong></span> <span class='ocrx_word' id='word_1_39' title='bbox 1516 549 1599 593; x_wconf 79' lang='lat' dir='ltr'><strong>Al-</strong></span> 
     </span>
     <span class='ocr_line' id='line_1_6' title="bbox 139 623 1599 679; baseline -0.001 -12"><span class='ocrx_word' id='word_1_40' title='bbox 139 623 260 667; x_wconf 89' lang='lat' dir='ltr'><strong>caldi</strong></span> <span class='ocrx_word' id='word_1_41' title='bbox 282 623 443 676; x_wconf 83' lang='lat' dir='ltr'><strong>nostri,</strong></span> <span class='ocrx_word' id='word_1_42' title='bbox 467 638 550 679; x_wconf 87' lang='lat' dir='ltr'><strong>ego</strong></span> <span class='ocrx_word' id='word_1_43' title='bbox 573 623 752 679; x_wconf 90' lang='lat' dir='ltr'><strong>quidem</strong></span> <span class='ocrx_word' id='word_1_44' title='bbox 778 638 859 666; x_wconf 90' lang='lat' dir='ltr'><strong>nec</strong></span> <span class='ocrx_word' id='word_1_45' title='bbox 881 624 1066 666; x_wconf 90' lang='lat' dir='ltr'><strong>verbum</strong></span> <span class='ocrx_word' id='word_1_46' title='bbox 1090 624 1234 666; x_wconf 89' lang='lat' dir='ltr'><strong>ullum</strong></span> <span class='ocrx_word' id='word_1_47' title='bbox 1258 624 1312 667; x_wconf 91' lang='lat' dir='ltr'><strong>de</strong></span> <span class='ocrx_word' id='word_1_48' title='bbox 1334 624 1420 666; x_wconf 91' lang='lat' dir='ltr'><strong>hac</strong></span> <span class='ocrx_word' id='word_1_49' title='bbox 1442 637 1489 666; x_wconf 91' lang='lat' dir='ltr'><strong>re</strong></span> <span class='ocrx_word' id='word_1_50' title='bbox 1512 637 1599 666; x_wconf 89' lang='lat' dir='ltr'><strong>au-</strong></span> 
     </span>
     <span class='ocr_line' id='line_1_7' title="bbox 141 694 1601 751; baseline -0.001 -13"><span class='ocrx_word' id='word_1_51' title='bbox 141 694 252 747; x_wconf 90' lang='lat' dir='ltr'><strong>divi;</strong></span> <span class='ocrx_word' id='word_1_52' title='bbox 279 695 436 751; x_wconf 91' lang='lat' dir='ltr'><strong>quodsi</strong></span> <span class='ocrx_word' id='word_1_53' title='bbox 459 695 516 738; x_wconf 93' lang='lat' dir='ltr'><strong>ob</strong></span> <span class='ocrx_word' id='word_1_54' title='bbox 548 709 649 738; x_wconf 91' lang='lat' dir='ltr'><strong>eam</strong></span> <span class='ocrx_word' id='word_1_55' title='bbox 683 709 776 738; x_wconf 90' lang='lat' dir='ltr'><strong>rem</strong></span> <span class='ocrx_word' id='word_1_56' title='bbox 810 695 977 751; x_wconf 90' lang='lat' dir='ltr'><strong>aliquid</strong></span> <span class='ocrx_word' id='word_1_57' title='bbox 1007 695 1238 738; x_wconf 85' lang='lat' dir='ltr'><strong>ferendum</strong></span> <span class='ocrx_word' id='word_1_58' title='bbox 1272 701 1405 751; x_wconf 76' lang='lat' dir='ltr'><strong>esset,</strong></span> <span class='ocrx_word' id='word_1_59' title='bbox 1440 694 1601 738; x_wconf 89' lang='lat' dir='ltr'><strong>ferrem</strong></span> 
     </span>
     <span class='ocr_line' id='line_1_8' title="bbox 142 767 891 823; baseline 0.001 -12"><span class='ocrx_word' id='word_1_60' title='bbox 142 767 352 823; x_wconf 86' lang='lat' dir='ltr'><strong>equidem</strong></span> <span class='ocrx_word' id='word_1_61' title='bbox 376 768 528 811; x_wconf 88' lang='lat' dir='ltr'><strong>animo</strong></span> <span class='ocrx_word' id='word_1_62' title='bbox 547 767 891 823; x_wconf 79' lang='lat' dir='ltr'><strong>jucundissimo,</strong></span> 
     </span>
    </p>

    <p class='ocr_par' dir='ltr' id='par_1_4' title="bbox 117 839 1606 1608">
     <span class='ocr_line' id='line_1_9' title="bbox 207 839 1600 895; baseline -0.002 -11"><span class='ocrx_word' id='word_1_63' title='bbox 207 841 278 884; x_wconf 93' lang='lat' dir='ltr'><strong>De</strong></span> <span class='ocrx_word' id='word_1_64' title='bbox 299 841 431 883; x_wconf 91' lang='lat' dir='ltr'><strong>rebus</strong></span> <span class='ocrx_word' id='word_1_65' title='bbox 453 840 693 895; x_wconf 83' lang='lat' dir='ltr'><strong>Ungaricis</strong></span> <span class='ocrx_word' id='word_1_66' title='bbox 715 840 863 883; x_wconf 90' lang='lat' dir='ltr'><strong>audivi</strong></span> <span class='ocrx_word' id='word_1_67' title='bbox 889 839 1222 883; x_wconf 89' lang='lat' dir='ltr'><strong>Ferdinandum</strong></span> <span class='ocrx_word' id='word_1_68' title='bbox 1246 845 1448 882; x_wconf 90' lang='lat' dir='ltr'><strong>nostrum</strong></span> <span class='ocrx_word' id='word_1_69' title='bbox 1471 839 1600 893; x_wconf 91' lang='lat' dir='ltr'><strong>Vay-</strong></span> 
     </span>
     <span class='ocr_line' id='line_1_10' title="bbox 145 909 1601 969; baseline -0.003 -13"><span class='ocrx_word' id='word_1_70' title='bbox 145 912 312 956; x_wconf 84' lang='lat' dir='ltr'><strong>vodam</strong></span> <span class='ocrx_word' id='word_1_71' title='bbox 334 926 566 969; x_wconf 81' lang='lat' dir='ltr'>superasse</span> <span class='ocrx_word' id='word_1_72' title='bbox 584 913 851 968; x_wconf 90' lang='lat' dir='ltr'><strong>Budamque</strong></span> <span class='ocrx_word' id='word_1_73' title='bbox 873 925 1168 967; x_wconf 85' lang='lat' dir='ltr'>expugnasse,</span> <span class='ocrx_word' id='word_1_74' title='bbox 1205 912 1281 954; x_wconf 89' lang='lat' dir='ltr'><strong>sed</strong></span> <span class='ocrx_word' id='word_1_75' title='bbox 1315 911 1424 954; x_wconf 90' lang='lat' dir='ltr'><strong>adeo</strong></span> <span class='ocrx_word' id='word_1_76' title='bbox 1452 909 1601 965; x_wconf 89' lang='lat' dir='ltr'><strong>tepide</strong></span> 
     </span>
     <span class='ocr_line' id='line_1_11' title="bbox 147 981 1599 1040; baseline -0.003 -12"><span class='ocrx_word' id='word_1_77' title='bbox 147 999 202 1029; x_wconf 90' lang='lat' dir='ltr'><strong>ac</strong></span> <span class='ocrx_word' id='word_1_78' title='bbox 222 985 381 1040; x_wconf 84' lang='lat' dir='ltr'><strong>frigide</strong></span> <span class='ocrx_word' id='word_1_79' title='bbox 404 984 515 1028; x_wconf 89' lang='lat' dir='ltr'><strong>mihi</strong></span> <span class='ocrx_word' id='word_1_80' title='bbox 538 986 730 1028; x_wconf 88' lang='lat' dir='ltr'><strong>relatum</strong></span> <span class='ocrx_word' id='word_1_81' title='bbox 754 991 822 1028; x_wconf 88' lang='lat' dir='ltr'><strong>est</strong></span> <span class='ocrx_word' id='word_1_82' title='bbox 842 991 891 1027; x_wconf 90' lang='lat' dir='ltr'><strong>ut</strong></span> <span class='ocrx_word' id='word_1_83' title='bbox 914 986 1085 1027; x_wconf 91' lang='lat' dir='ltr'><strong>nullam</strong></span> <span class='ocrx_word' id='word_1_84' title='bbox 1109 984 1226 1039; x_wconf 92' lang='lat' dir='ltr'><strong>apud</strong></span> <span class='ocrx_word' id='word_1_85' title='bbox 1255 998 1326 1026; x_wconf 91' lang='lat' dir='ltr'><strong>me</strong></span> <span class='ocrx_word' id='word_1_86' title='bbox 1357 983 1490 1026; x_wconf 88' lang='lat' dir='ltr'><strong>fidem</strong></span> <span class='ocrx_word' id='word_1_87' title='bbox 1515 981 1599 1025; x_wconf 92' lang='lat' dir='ltr'><strong>ha-</strong></span> 
     </span>
     <span class='ocr_line' id='line_1_12' title="bbox 117 1057 1600 1112; baseline -0.003 -11"><span class='ocrx_word' id='word_1_88' title='bbox 117 1090 122 1101; x_wconf 61' lang='grc'>;</span> <span class='ocrx_word' id='word_1_89' title='bbox 150 1057 312 1108; x_wconf 85' lang='lat' dir='ltr'><strong>buerit,</strong></span> <span class='ocrx_word' id='word_1_90' title='bbox 338 1057 458 1100; x_wconf 86' lang='lat' dir='ltr'><strong>aliud</strong></span> <span class='ocrx_word' id='word_1_91' title='bbox 482 1063 599 1100; x_wconf 85' lang='lat' dir='ltr'><strong>certe</strong></span> <span class='ocrx_word' id='word_1_92' title='bbox 621 1057 772 1100; x_wconf 91' lang='lat' dir='ltr'><strong>audivi</strong></span> <span class='ocrx_word' id='word_1_93' title='bbox 794 1057 920 1101; x_wconf 92' lang='lat' dir='ltr'><strong>nihil.</strong></span> <span class='ocrx_word' id='word_1_94' title='bbox 944 1057 1067 1099; x_wconf 92' lang='lat' dir='ltr'><strong>Nihil</strong></span> <span class='ocrx_word' id='word_1_95' title='bbox 1092 1062 1305 1112; x_wconf 83' lang='lat' dir='ltr'><strong>praeterea</strong></span> <span class='ocrx_word' id='word_1_96' title='bbox 1336 1069 1484 1098; x_wconf 90' lang='lat' dir='ltr'><strong>rerum</strong></span> <span class='ocrx_word' id='word_1_97' title='bbox 1514 1067 1600 1096; x_wconf 90' lang='lat' dir='ltr'><strong>no-</strong></span> 
     </span>
     <span class='ocr_line' id='line_1_13' title="bbox 149 1127 1603 1185; baseline -0.003 -13"><span class='ocrx_word' id='word_1_98' title='bbox 149 1143 309 1172; x_wconf 79' lang='lat' dir='ltr'><strong>varum</strong></span> <span class='ocrx_word' id='word_1_99' title='bbox 333 1130 452 1185; x_wconf 90' lang='lat' dir='ltr'><strong>apud</strong></span> <span class='ocrx_word' id='word_1_100' title='bbox 475 1143 558 1173; x_wconf 91' lang='lat' dir='ltr'><strong>nos</strong></span> <span class='ocrx_word' id='word_1_101' title='bbox 579 1137 660 1173; x_wconf 90' lang='lat' dir='ltr'><strong>est.</strong></span> <span class='ocrx_word' id='word_1_102' title='bbox 679 1131 850 1173; x_wconf 88' lang='lat' dir='ltr'>Omnes</span> <span class='ocrx_word' id='word_1_103' title='bbox 867 1129 995 1172; x_wconf 88' lang='lat' dir='ltr'><strong>avide</strong></span> <span class='ocrx_word' id='word_1_104' title='bbox 1018 1143 1174 1184; x_wconf 86' lang='lat' dir='ltr'>pacem</span> <span class='ocrx_word' id='word_1_105' title='bbox 1193 1134 1371 1184; x_wconf 90' lang='lat' dir='ltr'><strong>sperant</strong></span> <span class='ocrx_word' id='word_1_106' title='bbox 1391 1127 1603 1181; x_wconf 90' lang='lat' dir='ltr'><strong>illamque</strong></span> 
     </span>
     <span class='ocr_line' id='line_1_14' title="bbox 147 1198 1599 1257; baseline -0.004 -12"><span class='ocrx_word' id='word_1_107' title='bbox 147 1201 317 1246; x_wconf 88' lang='lat' dir='ltr'><strong>factam</strong></span> <span class='ocrx_word' id='word_1_108' title='bbox 340 1216 438 1245; x_wconf 91' lang='lat' dir='ltr'><strong>esse</strong></span> <span class='ocrx_word' id='word_1_109' title='bbox 461 1202 593 1245; x_wconf 93' lang='lat' dir='ltr'><strong>multi</strong></span> <span class='ocrx_word' id='word_1_110' title='bbox 616 1202 888 1253; x_wconf 88' lang='lat' dir='ltr'><strong>existimant,</strong></span> <span class='ocrx_word' id='word_1_111' title='bbox 914 1216 997 1257; x_wconf 92' lang='lat' dir='ltr'><strong>ego</strong></span> <span class='ocrx_word' id='word_1_112' title='bbox 1020 1215 1139 1255; x_wconf 84' lang='lat' dir='ltr'><strong>vero,</strong></span> <span class='ocrx_word' id='word_1_113' title='bbox 1163 1201 1237 1255; x_wconf 91' lang='lat' dir='ltr'><strong>qui</strong></span> <span class='ocrx_word' id='word_1_114' title='bbox 1267 1213 1470 1242; x_wconf 89' lang='lat' dir='ltr'><strong>meorum</strong></span> <span class='ocrx_word' id='word_1_115' title='bbox 1492 1198 1599 1240; x_wconf 86' lang='lat' dir='ltr'><strong>Gal-</strong></span> 
     </span>
     <span class='ocr_line' id='line_1_15' title="bbox 149 1270 1606 1330; baseline -0.005 -12"><span class='ocrx_word' id='word_1_116' title='bbox 149 1274 295 1318; x_wconf 81' lang='lat' dir='ltr'>lorum</span> <span class='ocrx_word' id='word_1_117' title='bbox 316 1274 510 1330; x_wconf 86' lang='lat' dir='ltr'><strong>ingenia,</strong></span> <span class='ocrx_word' id='word_1_118' title='bbox 533 1275 673 1327; x_wconf 85' lang='lat' dir='ltr'><strong>dolos,</strong></span> <span class='ocrx_word' id='word_1_119' title='bbox 698 1274 882 1317; x_wconf 86' lang='lat' dir='ltr'><strong>insidias</strong></span> <span class='ocrx_word' id='word_1_120' title='bbox 904 1279 1108 1328; x_wconf 86' lang='lat' dir='ltr'><strong>artesque</strong></span> <span class='ocrx_word' id='word_1_121' title='bbox 1133 1271 1251 1322; x_wconf 91' lang='lat' dir='ltr'><strong>novi,</strong></span> <span class='ocrx_word' id='word_1_122' title='bbox 1277 1277 1455 1314; x_wconf 89' lang='lat' dir='ltr'><strong>tantum</strong></span> <span class='ocrx_word' id='word_1_123' title='bbox 1477 1270 1606 1312; x_wconf 90' lang='lat' dir='ltr'><strong>abest</strong></span> 
     </span>
     <span class='ocr_line' id='line_1_16' title="bbox 149 1341 1603 1400; baseline -0.005 -10"><span class='ocrx_word' id='word_1_124' title='bbox 149 1352 202 1390; x_wconf 89' lang='lat' dir='ltr'><strong>ut</strong></span> <span class='ocrx_word' id='word_1_125' title='bbox 234 1347 357 1390; x_wconf 87' lang='lat' dir='ltr'><strong>illam</strong></span> <span class='ocrx_word' id='word_1_126' title='bbox 390 1347 555 1391; x_wconf 86' lang='lat' dir='ltr'><strong>factam</strong></span> <span class='ocrx_word' id='word_1_127' title='bbox 589 1361 686 1390; x_wconf 93' lang='lat' dir='ltr'><strong>esse</strong></span> <span class='ocrx_word' id='word_1_128' title='bbox 718 1347 896 1390; x_wconf 89' lang='lat' dir='ltr'><strong>credam</strong></span> <span class='ocrx_word' id='word_1_129' title='bbox 928 1352 977 1389; x_wconf 89' lang='lat' dir='ltr'><strong>ut</strong></span> <span class='ocrx_word' id='word_1_130' title='bbox 1009 1359 1142 1400; x_wconf 91' lang='lat' dir='ltr'><strong>quam</strong></span> <span class='ocrx_word' id='word_1_131' title='bbox 1179 1342 1444 1398; x_wconf 87' lang='lat' dir='ltr'><strong>longissime</strong></span> <span class='ocrx_word' id='word_1_132' title='bbox 1476 1341 1603 1384; x_wconf 90' lang='lat' dir='ltr'><strong>illam</strong></span> 
     </span>
     <span class='ocr_line' id='line_1_17' title="bbox 149 1413 1606 1464; baseline -0.003 -2"><span class='ocrx_word' id='word_1_133' title='bbox 149 1420 409 1463; x_wconf 84' lang='lat' dir='ltr'><strong>exulantem</strong></span> <span class='ocrx_word' id='word_1_134' title='bbox 442 1420 637 1464; x_wconf 88' lang='lat' dir='ltr'><strong>videam.</strong></span> <span class='ocrx_word' id='word_1_135' title='bbox 670 1420 758 1464; x_wconf 92' lang='lat' dir='ltr'><strong>Sed</strong></span> <span class='ocrx_word' id='word_1_136' title='bbox 795 1420 849 1462; x_wconf 89' lang='lat' dir='ltr'><strong>de</strong></span> <span class='ocrx_word' id='word_1_137' title='bbox 877 1418 947 1461; x_wconf 92' lang='lat' dir='ltr'><strong>his</strong></span> <span class='ocrx_word' id='word_1_138' title='bbox 982 1418 1094 1461; x_wconf 92' lang='lat' dir='ltr'><strong>alias</strong></span> <span class='ocrx_word' id='word_1_139' title='bbox 1125 1416 1259 1458; x_wconf 85' lang='lat' dir='ltr'><strong>verbo</strong></span> <span class='ocrx_word' id='word_1_140' title='bbox 1292 1421 1426 1457; x_wconf 89' lang='lat' dir='ltr'><strong>tenus</strong></span> <span class='ocrx_word' id='word_1_141' title='bbox 1454 1413 1606 1458; x_wconf 81' lang='lat' dir='ltr'><strong>latiuS.</strong></span> 
     </span>
     <span class='ocr_line' id='line_1_18' title="bbox 151 1485 1604 1550; baseline -0.006 -15"><span class='ocrx_word' id='word_1_142' title='bbox 151 1493 339 1547; x_wconf 83' lang='lat' dir='ltr'><strong>Hospes</strong></span> <span class='ocrx_word' id='word_1_143' title='bbox 354 1497 460 1534; x_wconf 91' lang='lat' dir='ltr'><strong>tuus</strong></span> <span class='ocrx_word' id='word_1_144' title='bbox 482 1505 585 1535; x_wconf 89' lang='lat' dir='ltr'><strong>cum</strong></span> <span class='ocrx_word' id='word_1_145' title='bbox 609 1498 689 1535; x_wconf 92' lang='lat' dir='ltr'><strong>tuo</strong></span> <span class='ocrx_word' id='word_1_146' title='bbox 709 1493 882 1550; x_wconf 90' lang='lat' dir='ltr'><strong>Joanne</strong></span> <span class='ocrx_word' id='word_1_147' title='bbox 905 1491 1141 1546; x_wconf 90' lang='lat' dir='ltr'><strong>plurimam</strong></span> <span class='ocrx_word' id='word_1_148' title='bbox 1170 1487 1248 1531; x_wconf 88' lang='lat' dir='ltr'><strong>tibi</strong></span> <span class='ocrx_word' id='word_1_149' title='bbox 1281 1487 1471 1529; x_wconf 87' lang='lat' dir='ltr'><strong>salutem</strong></span> <span class='ocrx_word' id='word_1_150' title='bbox 1494 1485 1604 1529; x_wconf 89' lang='lat' dir='ltr'><strong>mit-</strong></span> 
     </span>
     <span class='ocr_line' id='line_1_19' title="bbox 150 1565 426 1608; baseline 0 0"><span class='ocrx_word' id='word_1_151' title='bbox 150 1569 269 1608; x_wconf 86' lang='lat' dir='ltr'><strong>tunt.</strong></span> <span class='ocrx_word' id='word_1_152' title='bbox 293 1565 426 1608; x_wconf 88' lang='lat' dir='ltr'><strong>Vale.</strong></span> 
     </span>
    </p>

    <p class='ocr_par' dir='ltr' id='par_1_5' title="bbox 212 1635 1097 1692">
     <span class='ocr_line' id='line_1_20' title="bbox 212 1635 1097 1692; baseline -0.003 -12"><span class='ocrx_word' id='word_1_153' title='bbox 212 1635 429 1680; x_wconf 88' lang='lat' dir='ltr'><strong>Palantiae</strong></span> <span class='ocrx_word' id='word_1_154' title='bbox 450 1636 643 1680; x_wconf 91' lang='lat' dir='ltr'>XXIIII</span> <span class='ocrx_word' id='word_1_155' title='bbox 667 1635 939 1692; x_wconf 90' lang='lat' dir='ltr'><strong>Septembris</strong></span> <span class='ocrx_word' id='word_1_156' title='bbox 961 1636 1082 1678; x_wconf 82' lang='lat'><em>1527</em></span> <span class='ocrx_word' id='word_1_157' title='bbox 1086 1667 1097 1677; x_wconf 91' lang='lat'><strong>.</strong></span> 
     </span>
    </p>

    <p class='ocr_par' dir='ltr' id='par_1_6' title="bbox 149 1700 1606 1838">
     <span class='ocr_line' id='line_1_21' title="bbox 213 1700 1606 1764; baseline -0.008 -11"><span class='ocrx_word' id='word_1_158' title='bbox 213 1709 370 1753; x_wconf 90' lang='lat' dir='ltr'><strong>Scribe</strong></span> <span class='ocrx_word' id='word_1_159' title='bbox 391 1725 448 1752; x_wconf 91' lang='lat' dir='ltr'><strong>an</strong></span> <span class='ocrx_word' id='word_1_160' title='bbox 472 1710 563 1752; x_wconf 91' lang='lat' dir='ltr'><strong>tuis</strong></span> <span class='ocrx_word' id='word_1_161' title='bbox 584 1709 777 1764; x_wconf 91' lang='lat' dir='ltr'><strong>globulis</strong></span> <span class='ocrx_word' id='word_1_162' title='bbox 799 1708 943 1752; x_wconf 92' lang='lat' dir='ltr'><strong>aureis</strong></span> <span class='ocrx_word' id='word_1_163' title='bbox 964 1707 1127 1763; x_wconf 89' lang='lat' dir='ltr'><strong>aliquid</strong></span> <span class='ocrx_word' id='word_1_164' title='bbox 1150 1701 1458 1760; x_wconf 83' lang='lat' dir='ltr'><strong>expiscaveris.</strong></span> <span class='ocrx_word' id='word_1_165' title='bbox 1476 1700 1606 1744; x_wconf 89' lang='lat' dir='ltr'><strong>Tuus</strong></span> 
     </span>
     <span class='ocr_line' id='line_1_22' title="bbox 149 1781 730 1838; baseline 0 -12"><span class='ocrx_word' id='word_1_166' title='bbox 149 1781 362 1838; x_wconf 90' lang='lat' dir='ltr'><strong>quicquid</strong></span> <span class='ocrx_word' id='word_1_167' title='bbox 385 1787 452 1824; x_wconf 91' lang='lat' dir='ltr'><strong>est</strong></span> <span class='ocrx_word' id='word_1_168' title='bbox 475 1782 730 1826; x_wconf 87' lang='lat' dir='ltr'><strong>Valdesius.</strong></span> 
     </span>
    </p>

    <p class='ocr_par' dir='ltr' id='par_1_7' title="bbox 213 1854 619 1912">
     <span class='ocr_line' id='line_1_23' title="bbox 213 1854 619 1912; baseline -0.005 -13"><span class='ocrx_word' id='word_1_169' title='bbox 213 1854 421 1912; x_wconf 84' lang='lat' dir='ltr'><strong>Sigillum</strong></span> <span class='ocrx_word' id='word_1_170' title='bbox 444 1870 619 1898; x_wconf 81' lang='lat' dir='ltr'><strong>cereum.</strong></span> 
     </span>
    </p>

    <p class='ocr_par' dir='ltr' id='par_1_8' title="bbox 155 1914 1608 2054">
     <span class='ocr_line' id='line_1_24' title="bbox 212 1914 1608 1981; baseline -0.008 -12"><span class='ocrx_word' id='word_1_171' title='bbox 212 1927 268 1970; x_wconf 86' lang='lat' dir='ltr'><strong>In</strong></span> <span class='ocrx_word' id='word_1_172' title='bbox 290 1926 426 1969; x_wconf 85' lang='lat' dir='ltr'><strong>dorso:</strong></span> <span class='ocrx_word' id='word_1_173' title='bbox 447 1926 710 1969; x_wconf 91' lang='lat' dir='ltr'><strong>Clarissimo</strong></span> <span class='ocrx_word' id='word_1_174' title='bbox 728 1926 822 1969; x_wconf 90' lang='lat' dir='ltr'><strong>viro</strong></span> <span class='ocrx_word' id='word_1_175' title='bbox 843 1926 1041 1968; x_wconf 87' lang='lat' dir='ltr'><strong>Domino</strong></span> <span class='ocrx_word' id='word_1_176' title='bbox 1061 1921 1226 1981; x_wconf 87' lang='lat' dir='ltr'><strong>Joanni</strong></span> <span class='ocrx_word' id='word_1_177' title='bbox 1244 1918 1462 1964; x_wconf 86' lang='lat' dir='ltr'><strong>Dantisco</strong></span> <span class='ocrx_word' id='word_1_178' title='bbox 1481 1914 1608 1959; x_wconf 81' lang='lat' dir='ltr'><strong>Sermi</strong></span> 
     </span>
     <span class='ocr_line' id='line_1_25' title="bbox 155 1998 810 2054; baseline 0 -13"><span class='ocrx_word' id='word_1_179' title='bbox 155 1998 296 2054; x_wconf 91' lang='lat' dir='ltr'><strong>Regis</strong></span> <span class='ocrx_word' id='word_1_180' title='bbox 319 1999 519 2042; x_wconf 88' lang='lat' dir='ltr'><strong>Poloniae</strong></span> <span class='ocrx_word' id='word_1_181' title='bbox 542 1999 706 2042; x_wconf 88' lang='lat' dir='ltr'><strong>oratori</strong></span> <span class='ocrx_word' id='word_1_182' title='bbox 730 1998 810 2042; x_wconf 61' lang='grc' dir='ltr'><strong>ὣς.</strong></span> 
     </span>
    </p>

    <p class='ocr_par' dir='ltr' id='par_1_9' title="bbox 153 2061 1606 2188">
     <span class='ocr_line' id='line_1_26' title="bbox 216 2061 1606 2126; baseline -0.009 -12"><span class='ocrx_word' id='word_1_183' title='bbox 216 2071 319 2114; x_wconf 82' lang='lat' dir='ltr'><strong>Alia</strong></span> <span class='ocrx_word' id='word_1_184' title='bbox 342 2086 491 2114; x_wconf 84' lang='lat' dir='ltr'><strong>manu:</strong></span> <span class='ocrx_word' id='word_1_185' title='bbox 515 2072 624 2114; x_wconf 89' lang='lat' dir='ltr'><strong>Dat.</strong></span> <span class='ocrx_word' id='word_1_186' title='bbox 651 2071 867 2114; x_wconf 85' lang='lat' dir='ltr'><strong>Palentiae</strong></span> <span class='ocrx_word' id='word_1_187' title='bbox 899 2083 957 2126; x_wconf 90' lang='lat'><strong>24</strong></span> <span class='ocrx_word' id='word_1_188' title='bbox 984 2067 1255 2124; x_wconf 88' lang='lat' dir='ltr'><strong>Septembr.,</strong></span> <span class='ocrx_word' id='word_1_189' title='bbox 1281 2065 1373 2108; x_wconf 88' lang='lat' dir='ltr'><strong>red.</strong></span> <span class='ocrx_word' id='word_1_190' title='bbox 1398 2062 1443 2105; x_wconf 92' lang='lat' dir='ltr'><strong>in</strong></span> <span class='ocrx_word' id='word_1_191' title='bbox 1467 2061 1606 2104; x_wconf 90' lang='lat' dir='ltr'><strong>Pare·</strong></span> 
     </span>
     <span class='ocr_line' id='line_1_27' title="bbox 153 2142 471 2188; baseline -0.006 0"><span class='ocrx_word' id='word_1_192' title='bbox 153 2142 235 2188; x_wconf 87' lang='lat' dir='ltr'><strong>des</strong></span> <span class='ocrx_word' id='word_1_193' title='bbox 257 2144 358 2188; x_wconf 86' lang='lat' dir='ltr'><strong>eod.</strong></span> <span class='ocrx_word' id='word_1_194' title='bbox 384 2143 471 2187; x_wconf 92' lang='lat' dir='ltr'><strong>die.</strong></span> 
     </span>
    </p>
   </div>
   <div class='ocr_carea' id='block_1_3' title="bbox 88 2277 1613 2976">
    <p class='ocr_par' dir='ltr' id='par_1_10' title="bbox 88 2277 1613 2976">
     <span class='ocr_line' id='line_1_28' title="bbox 217 2277 1611 2344; baseline -0.008 -13"><span class='ocrx_word' id='word_1_195' title='bbox 217 2286 267 2331; x_wconf 90' lang='lat' dir='ltr'><strong>S.</strong></span> <span class='ocrx_word' id='word_1_196' title='bbox 293 2301 338 2343; x_wconf 92' lang='lat' dir='ltr'><strong>p.</strong></span> <span class='ocrx_word' id='word_1_197' title='bbox 405 2287 543 2331; x_wconf 90' lang='lat' dir='ltr'><strong>Venit</strong></span> <span class='ocrx_word' id='word_1_198' title='bbox 567 2288 758 2330; x_wconf 84' lang='lat' dir='ltr'><strong>Metator</strong></span> <span class='ocrx_word' id='word_1_199' title='bbox 780 2287 1078 2344; x_wconf 89' lang='lat' dir='ltr'><strong>hospitiorum</strong></span> <span class='ocrx_word' id='word_1_200' title='bbox 1103 2284 1267 2328; x_wconf 90' lang='lat' dir='ltr'><strong>missus</strong></span> <span class='ocrx_word' id='word_1_201' title='bbox 1287 2297 1314 2325; x_wconf 92' lang='lat' dir='ltr'><strong>a</strong></span> <span class='ocrx_word' id='word_1_202' title='bbox 1331 2277 1611 2324; x_wconf 86' lang='lat' dir='ltr'><strong>Cancellario</strong></span> 
     </span>
     <span class='ocr_line' id='line_1_29' title="bbox 88 2349 1611 2416; baseline -0.007 -13"><span class='ocrx_word' id='word_1_203' title='bbox 88 2350 91 2353; x_wconf 37' lang='lat'>¹</span> <span class='ocrx_word' id='word_1_204' title='bbox 156 2359 234 2416; x_wconf 92' lang='lat' dir='ltr'><strong>qui</strong></span> <span class='ocrx_word' id='word_1_205' title='bbox 256 2359 410 2402; x_wconf 90' lang='lat' dir='ltr'><strong>scribit</strong></span> <span class='ocrx_word' id='word_1_206' title='bbox 431 2374 479 2402; x_wconf 87' lang='lat' dir='ltr'><strong>se</strong></span> <span class='ocrx_word' id='word_1_207' title='bbox 507 2374 596 2402; x_wconf 90' lang='lat' dir='ltr'><strong>non</strong></span> <span class='ocrx_word' id='word_1_208' title='bbox 628 2365 869 2403; x_wconf 89' lang='lat' dir='ltr'><strong>venturum</strong></span> <span class='ocrx_word' id='word_1_209' title='bbox 901 2360 987 2403; x_wconf 91' lang='lat' dir='ltr'><strong>huc</strong></span> <span class='ocrx_word' id='word_1_210' title='bbox 1021 2372 1160 2413; x_wconf 88' lang='lat' dir='ltr'><strong>usque</strong></span> <span class='ocrx_word' id='word_1_211' title='bbox 1192 2356 1247 2399; x_wconf 90' lang='lat' dir='ltr'><strong>ad</strong></span> <span class='ocrx_word' id='word_1_212' title='bbox 1282 2354 1399 2397; x_wconf 90' lang='lat' dir='ltr'><strong>diem</strong></span> <span class='ocrx_word' id='word_1_213' title='bbox 1435 2349 1611 2394; x_wconf 91' lang='lat' dir='ltr'><strong>sabbati</strong></span> 
     </span>
     <span class='ocr_line' id='line_1_30' title="bbox 158 2422 1611 2487; baseline -0.004 -17"><span class='ocrx_word' id='word_1_214' title='bbox 158 2429 413 2484; x_wconf 88' lang='lat' dir='ltr'><strong>proximum</strong></span> <span class='ocrx_word' id='word_1_215' title='bbox 437 2444 785 2487; x_wconf 89' lang='lat' dir='ltr'><strong>mansurumque</strong></span> <span class='ocrx_word' id='word_1_216' title='bbox 803 2446 902 2475; x_wconf 90' lang='lat' dir='ltr'><strong>cras</strong></span> <span class='ocrx_word' id='word_1_217' title='bbox 922 2445 998 2487; x_wconf 87' lang='lat' dir='ltr'><strong>per</strong></span> <span class='ocrx_word' id='word_1_218' title='bbox 1018 2436 1163 2474; x_wconf 87' lang='lat' dir='ltr'><strong>totum</strong></span> <span class='ocrx_word' id='word_1_219' title='bbox 1182 2428 1298 2470; x_wconf 89' lang='lat' dir='ltr'><strong>diem</strong></span> <span class='ocrx_word' id='word_1_220' title='bbox 1323 2423 1535 2474; x_wconf 87' lang='lat' dir='ltr'><strong>Arandae;</strong></span> <span class='ocrx_word' id='word_1_221' title='bbox 1556 2422 1611 2465; x_wconf 90' lang='lat' dir='ltr'><strong>de</strong></span> 
     </span>
     <span class='ocr_line' id='line_1_31' title="bbox 159 2494 1610 2560; baseline -0.005 -17"><span class='ocrx_word' id='word_1_222' title='bbox 159 2501 235 2544; x_wconf 89' lang='lat' dir='ltr'><strong>via</strong></span> <span class='ocrx_word' id='word_1_223' title='bbox 257 2515 311 2544; x_wconf 88' lang='lat' dir='ltr'><strong>ex</strong></span> <span class='ocrx_word' id='word_1_224' title='bbox 335 2504 522 2546; x_wconf 89' lang='lat' dir='ltr'><strong>Aranda</strong></span> <span class='ocrx_word' id='word_1_225' title='bbox 543 2505 631 2547; x_wconf 92' lang='lat' dir='ltr'><strong>huc</strong></span> <span class='ocrx_word' id='word_1_226' title='bbox 656 2519 793 2560; x_wconf 92' lang='lat' dir='ltr'><strong>usque</strong></span> <span class='ocrx_word' id='word_1_227' title='bbox 815 2504 926 2547; x_wconf 91' lang='lat' dir='ltr'><strong>nihil</strong></span> <span class='ocrx_word' id='word_1_228' title='bbox 949 2503 1058 2547; x_wconf 89' lang='lat' dir='ltr'><strong>certi</strong></span> <span class='ocrx_word' id='word_1_229' title='bbox 1081 2501 1209 2544; x_wconf 87' lang='lat' dir='ltr'><strong>nobis</strong></span> <span class='ocrx_word' id='word_1_230' title='bbox 1232 2498 1361 2542; x_wconf 87' lang='lat' dir='ltr'><strong>affert</strong></span> <span class='ocrx_word' id='word_1_231' title='bbox 1382 2496 1468 2540; x_wconf 92' lang='lat' dir='ltr'><strong>nisi</strong></span> <span class='ocrx_word' id='word_1_232' title='bbox 1489 2494 1610 2550; x_wconf 90' lang='lat' dir='ltr'><strong>quod</strong></span> 
     </span>
     <span class='ocr_line' id='line_1_32' title="bbox 157 2567 1613 2625; baseline -0.005 -10"><span class='ocrx_word' id='word_1_233' title='bbox 157 2573 388 2618; x_wconf 84' lang='lat' dir='ltr'><strong>existimat</strong></span> <span class='ocrx_word' id='word_1_234' title='bbox 411 2575 740 2619; x_wconf 82' lang='lat' dir='ltr'><strong>Cancellarium</strong></span> <span class='ocrx_word' id='word_1_235' title='bbox 764 2582 883 2619; x_wconf 89' lang='lat' dir='ltr'><strong>recta</strong></span> <span class='ocrx_word' id='word_1_236' title='bbox 905 2576 993 2618; x_wconf 90' lang='lat' dir='ltr'><strong>huc</strong></span> <span class='ocrx_word' id='word_1_237' title='bbox 1016 2579 1253 2616; x_wconf 90' lang='lat' dir='ltr'><strong>venturum</strong></span> <span class='ocrx_word' id='word_1_238' title='bbox 1284 2583 1362 2625; x_wconf 91' lang='lat' dir='ltr'><strong>per</strong></span> <span class='ocrx_word' id='word_1_239' title='bbox 1384 2567 1548 2624; x_wconf 90' lang='lat' dir='ltr'><strong>oppida</strong></span> <span class='ocrx_word' id='word_1_240' title='bbox 1567 2571 1613 2609; x_wconf 88' lang='lat' dir='ltr'><strong>et</strong></span> 
     </span>
     <span class='ocr_line' id='line_1_33' title="bbox 161 2639 1611 2704; baseline -0.005 -16"><span class='ocrx_word' id='word_1_241' title='bbox 161 2659 303 2701; x_wconf 89' lang='lat' dir='ltr'><strong>pagos</strong></span> <span class='ocrx_word' id='word_1_242' title='bbox 324 2646 397 2690; x_wconf 93' lang='lat' dir='ltr'><strong>hic</strong></span> <span class='ocrx_word' id='word_1_243' title='bbox 419 2647 674 2704; x_wconf 85' lang='lat' dir='ltr'><strong>inscriptos.</strong></span> <span class='ocrx_word' id='word_1_244' title='bbox 701 2650 800 2704; x_wconf 85' lang='lat' dir='ltr'><strong>Ego</strong></span> <span class='ocrx_word' id='word_1_245' title='bbox 823 2662 910 2690; x_wconf 90' lang='lat' dir='ltr'><strong>non</strong></span> <span class='ocrx_word' id='word_1_246' title='bbox 935 2652 1087 2702; x_wconf 88' lang='lat' dir='ltr'><strong>potero</strong></span> <span class='ocrx_word' id='word_1_247' title='bbox 1112 2659 1182 2687; x_wconf 91' lang='lat' dir='ltr'><strong>me</strong></span> <span class='ocrx_word' id='word_1_248' title='bbox 1209 2643 1438 2686; x_wconf 89' lang='lat' dir='ltr'><strong>absolvere</strong></span> <span class='ocrx_word' id='word_1_249' title='bbox 1460 2639 1611 2690; x_wconf 88' lang='lat' dir='ltr'><strong>hodie,</strong></span> 
     </span>
     <span class='ocr_line' id='line_1_34' title="bbox 162 2712 1613 2772; baseline -0.006 -11"><span class='ocrx_word' id='word_1_250' title='bbox 162 2717 388 2762; x_wconf 91' lang='lat' dir='ltr'><strong>discedam</strong></span> <span class='ocrx_word' id='word_1_251' title='bbox 412 2725 563 2763; x_wconf 91' lang='lat' dir='ltr'><strong>tamen</strong></span> <span class='ocrx_word' id='word_1_252' title='bbox 588 2735 685 2763; x_wconf 89' lang='lat' dir='ltr'><strong>cras</strong></span> <span class='ocrx_word' id='word_1_253' title='bbox 708 2734 886 2763; x_wconf 89' lang='lat' dir='ltr'><strong>summo</strong></span> <span class='ocrx_word' id='word_1_254' title='bbox 910 2733 1042 2761; x_wconf 89' lang='lat' dir='ltr'><strong>mane</strong></span> <span class='ocrx_word' id='word_1_255' title='bbox 1072 2728 1364 2772; x_wconf 87' lang='lat' dir='ltr'><strong>aggressurus</strong></span> <span class='ocrx_word' id='word_1_256' title='bbox 1393 2714 1480 2756; x_wconf 93' lang='lat' dir='ltr'><strong>hoc</strong></span> <span class='ocrx_word' id='word_1_257' title='bbox 1509 2712 1613 2755; x_wconf 87' lang='lat' dir='ltr'><strong>iter·</strong></span> 
     </span>
     <span class='ocr_line' id='line_1_35' title="bbox 162 2789 1127 2835; baseline -0.002 -2"><span class='ocrx_word' id='word_1_258' title='bbox 162 2789 349 2834; x_wconf 88' lang='lat' dir='ltr'><strong>Utinam</strong></span> <span class='ocrx_word' id='word_1_259' title='bbox 369 2797 413 2835; x_wconf 90' lang='lat' dir='ltr'><strong>te</strong></span> <span class='ocrx_word' id='word_1_260' title='bbox 435 2792 480 2835; x_wconf 89' lang='lat' dir='ltr'><strong>in</strong></span> <span class='ocrx_word' id='word_1_261' title='bbox 505 2792 661 2835; x_wconf 90' lang='lat' dir='ltr'><strong>itinere</strong></span> <span class='ocrx_word' id='word_1_262' title='bbox 685 2791 971 2834; x_wconf 85' lang='lat' dir='ltr'><strong>offenderem.</strong></span> <span class='ocrx_word' id='word_1_263' title='bbox 998 2790 1127 2832; x_wconf 91' lang='lat' dir='ltr'><strong>Vale.</strong></span> 
     </span>
     <span class='ocr_line' id='line_1_36' title="bbox 223 2861 1455 2920; baseline -0.006 -13"><span class='ocrx_word' id='word_1_264' title='bbox 223 2861 443 2907; x_wconf 84' lang='lat' dir='ltr'><strong>Palantiae</strong></span> <span class='ocrx_word' id='word_1_265' title='bbox 466 2864 610 2920; x_wconf 89' lang='lat' dir='ltr'><strong>primo</strong></span> <span class='ocrx_word' id='word_1_266' title='bbox 632 2864 838 2908; x_wconf 83' lang='lat' dir='ltr'><strong>Octobris</strong></span> <span class='ocrx_word' id='word_1_267' title='bbox 865 2862 992 2919; x_wconf 89' lang='lat'>1527.</span> <span class='ocrx_word' id='word_1_268' title='bbox 1017 2861 1146 2904; x_wconf 90' lang='lat' dir='ltr'><strong>Tuus</strong></span> <span class='ocrx_word' id='word_1_269' title='bbox 1169 2865 1363 2915; x_wconf 87' lang='lat' dir='ltr'><strong>quantus</strong></span> <span class='ocrx_word' id='word_1_270' title='bbox 1386 2862 1455 2901; x_wconf 90' lang='lat' dir='ltr'><strong>est</strong></span> 
     </span>
     <span class='ocr_line' id='line_1_37' title="bbox 1150 2931 1401 2976; baseline -0.012 0"><span class='ocrx_word' id='word_1_271' title='bbox 1150 2931 1401 2976; x_wconf 80' lang='lat' dir='ltr'><strong>ValdesiuS.</strong></span> 
     </span>
    </p>
   </div>
  </div>
 </body>
</html>
