1786 3198
0 0 158 78 πῖνε-,ξε

0 46 15 61 ,s
38 49 41 51 ,
74 35 97 50 K.
155 35 169 40 ‘'

424 253 603 283 ALFONSI
632 253 828 283 VALDRSH
858 254 1056 283 LITTERAE
1084 254 1139 283 XL
1169 254 1359 283 INssDrrAE
1480 256 1556 296 391

158 335 237 381 ‘vir
256 340 302 379 et
322 334 489 391 probus
511 339 555 376 et
576 333 935 378 honestissimus,
961 335 1050 377 Oro
1071 340 1121 378 ut
1152 334 1393 390 plurimam
1416 335 1479 378 illi
1503 336 1615 379 meis

165 407 528 463 verbis-salutem
551 406 690 449 dieas.
714 414 718 415 ⁷

166 507 169 510 <
228 479 348 523 Galli
367 478 577 534 jactitant
599 491 697 520 sese
719 477 883 520 habere
901 478 1095 535 Januam
1115 479 1160 522 in
1195 494 1350 523 eorum
1378 485 1613 535 potestate,

165 552 253 597 hoc
275 551 435 595 habuit
457 551 514 594 ab
537 551 633 605 ipso
658 550 783 605 Rege
804 555 954 592 orator
976 551 1167 594 Caesaris
1185 552 1258 606 qui
1282 552 1386 595 illuc
1408 553 1514 608 agit,
1535 552 1616 596 ha-

165 627 250 670 beo
284 630 438 668 tamen
475 623 646 666 litteras
683 637 710 665 a
748 622 1026 666 Cancellario
1055 637 1109 665 ex
1144 625 1454 668 Barchienona
1484 625 1552 668 die
1586 640 1613 682 9

164 696 458 754 Septembris,
485 696 539 740 de
562 697 710 754 janua
730 709 836 738 vero
858 709 941 738 nec
962 695 1145 738 verbum
1171 696 1323 739 scribit
1353 711 1435 740 nec
1463 698 1519 741 ad
1542 712 1617 741 me

163 781 249 816 nec
271 771 328 814 ad
350 771 596 813 Caesarem.

227 842 395 887 Scribit
418 841 726 886 Cancellarius
749 854 795 883 se
818 839 1063 882 decrevisse
1085 841 1140 883 ad
1162 841 1359 896 vigiliam
1387 843 1612 886 Nativita-

161 916 223 960 tis
246 915 400 959 Mariae
423 916 624 958 Montem
647 914 879 956 Serratum
902 913 1052 954 venire
1067 919 1200 967 atque
1218 915 1379 958 ibidem
1394 930 1615 959 novenam

157 994 215 1032 ut
236 994 402 1032 vocant
422 987 593 1030 dierum
618 992 824 1029 acturum
849 991 1091 1040 posteaque
1109 992 1229 1029 recta
1248 988 1303 1030 ad
1327 1001 1408 1030 nos
1429 989 1614 1032 advola-

163 1066 334 1105 turum.

226 1133 398 1176 Rerum
421 1133 494 1175 hic
517 1145 735 1175 novarum
760 1129 923 1173 offendi
946 1131 1057 1173 nihil
1075 1132 1160 1174 nisi
1177 1132 1507 1175 Eboracensem
1528 1133 1617 1175 Re-

165 1205 237 1261 gis
257 1204 328 1247 sui
350 1204 533 1247 nomine
566 1202 711 1246 foedus
745 1203 1020 1244 artissimum
1056 1217 1157 1245 cum
1188 1204 1317 1246 Gallo
1346 1205 1619 1248 conclusisse

165 1279 387 1334 planeque
410 1277 623 1320 adversus
647 1275 891 1326 Caesarem,
924 1289 1026 1316 nam
1058 1275 1120 1317 illi
1151 1276 1355 1319 indicturi
1385 1284 1489 1319 sunt
1518 1277 1616 1320 bel-

164 1351 278 1393 lum.
305 1349 423 1406 Quid
447 1349 543 1391 haec
567 1348 694 1390 nobis
716 1347 961 1402 parturient
985 1348 1150 1391 neseio.

227 1423 391 1466 Orator
409 1421 663 1464 Borbonius
680 1420 884 1462 discessit
903 1419 996 1462 heri
1014 1434 1167 1461 versus
1184 1421 1511 1464 Cancellarium
1529 1422 1619 1477 jus-

166 1495 313 1550 sitque
334 1500 383 1537 ut
418 1493 660 1549 plurimam
692 1492 771 1534 tibi
806 1491 898 1533 suis
931 1491 1076 1533 verbis
1107 1493 1298 1534 salutem
1333 1493 1524 1536 dicerem
1548 1495 1618 1536 vel

166 1568 329 1611 saltem
354 1566 595 1609 mitterem.

229 1641 344 1684 Haec
377 1654 521 1694 pauca
554 1639 609 1680 ad
640 1644 685 1680 te
718 1636 909 1679 scribere
942 1636 1078 1686 volui,
1113 1643 1162 1679 tu
1193 1652 1244 1679 ea
1268 1637 1372 1679 boni
1394 1640 1616 1691 consules,

169 1726 271 1756 sum
295 1711 414 1754 enim
438 1716 482 1754 et
505 1710 699 1766 hospitio
723 1715 767 1752 et
790 1724 923 1751 sensu
948 1710 1082 1751 etiam
1106 1710 1319 1764 privatus.
1347 1711 1474 1753 Vale.

230 1784 448 1828 Palentiae
476 1795 531 1826 10
552 1782 830 1838 Septembris
850 1785 985 1825 1527.
1011 1781 1140 1824 Tuus
1170 1782 1377 1837 quicquid
1412 1788 1479 1824 est
1503 1783 1616 1824 Val-

168 1857 333 1901 desius.

228 1930 286 1972 In
315 1928 455 1971 dorso.-
486 1926 876 1970 Excellentissimo
914 1925 1010 1969 viro
1044 1927 1147 1968 Dno
1184 1926 1346 1983 Joanni
1380 1928 1615 1979 Dantisco,

169 2000 317 2045 Ser.mi
345 2000 485 2055 Regis
504 1999 703 2043 Poloniae
725 1997 889 2040 oratori
913 1998 1192 2053 dignissimo.

228 2074 333 2118 Alia
354 2087 504 2116 manu.-
529 2074 639 2115 Dat.
668 2071 884 2114 Palentiae
910 2085 965 2114 10
987 2071 1258 2126 Septembr.,
1285 2071 1437 2113 eodem
1470 2070 1540 2113 die
1571 2071 1619 2114 in

169 2146 361 2191 Paredes
381 2145 473 2188 red.

228 2221 285 2263 In
305 2218 502 2275 oppidulo
523 2216 705 2259 Parades
732 2231 772 2259 se
799 2221 1099 2258 commoratum
1126 2230 1205 2258 esse
1226 2215 1452 2256 Dantiscus
1480 2215 1620 2257 scribit

168 2292 215 2334 in
235 2291 407 2347 epistola
429 2290 485 2331 ad
507 2291 668 2346 Regem
684 2303 823 2331 suum.
849 2291 961 2331 Acta
985 2288 1249 2331 Tomiciana
1268 2287 1352 2338 IX,
1375 2287 1441 2331 ed.
1459 2288 1615 2339 altera,

162 2369 210 2421 p.
237 2366 341 2407 331.

230 2507 279 2551 S.
305 2521 350 2562 p.
419 2506 604 2550 Gaudeo
629 2506 666 2549 si
689 2506 793 2562 quid
827 2505 910 2548 feci
936 2511 1012 2548 aut
1041 2505 1154 2547 facio
1185 2504 1300 2558 quod
1323 2502 1404 2545 tibi
1427 2505 1616 2559 placeat,

170 2593 383 2635 measque
405 2579 576 2622 litteras
599 2579 678 2621 tibi
694 2585 844 2634 gratas
861 2578 997 2620 fuisse
1015 2577 1156 2619 habeo
1172 2575 1381 2631 gratiam,
1403 2581 1482 2619 tua
1498 2577 1618 2619 enim

169 2650 455 2694 humanitate
477 2651 587 2694 adeo
611 2665 682 2693 me
706 2650 785 2693 tibi
809 2649 1042 2692 devinxisti
1066 2654 1130 2703 ut,
1155 2648 1191 2689 si
1209 2647 1363 2689 omnia
1386 2662 1412 2690 a
1430 2661 1501 2690 me
1524 2648 1618 2691 offi-

169 2722 240 2766 cia
262 2722 344 2765 tibi
366 2722 639 2777 promiseris,
661 2722 761 2777 jure
782 2728 860 2763 tuo
894 2721 1089 2762 facturus
1124 2720 1198 2762 sis.
1234 2721 1304 2762 De
1333 2734 1438 2763 sene
1468 2726 1620 2764 nostro

170 2796 288 2849 quod
312 2809 470 2837 mones
493 2795 655 2838 curabo
679 2794 847 2836 sedulo.
875 2793 979 2835 Fuit
1003 2797 1121 2834 certe
1144 2791 1361 2835 adventus
1383 2792 1470 2836 huc
1493 2807 1620 2836 meus

171 2868 271 2923 plus
294 2881 430 2922 quam
456 2867 750 2910 necessarius.
776 2866 823 2908 Si
850 2865 1058 2907 haberem
1092 2864 1371 2907 Erasmicam
1404 2866 1618 2919 eloquen-

171 2939 300 2993 tiam,
327 2955 415 2983 non
440 2953 650 2995 gravarer
671 2944 813 2981 totam
846 2936 1111 2991 tragoediam
1143 2936 1224 2979 tibi
1247 2936 1507 2987 describere,
1544 2937 1621 2980 sed
