1786 3198
396 226 579 256 ALFONSI
607 229 807 259 VALDESU
838 231 1037 259 erTERAE
1065 232 1121 260 XL
1151 232 1343 260 INEDITAE
1462 231 1545 272 409

135 319 269 364 posse
289 305 596 357 credebamus,
622 321 878 363 expugnare
910 316 1167 365 potuerunt.
1204 311 1376 354 Eorum
1414 310 1594 363 classis,

135 392 235 436 quae
253 379 442 423 adverso
465 380 674 423 Danubio
696 381 976 436 Strigonium
1005 389 1323 439 praetergressa
1352 389 1462 436 erat,
1494 384 1590 427 Po-

135 451 333 503 sonium,
358 459 495 507 quam
516 452 673 494 Petrus
696 452 865 507 Sapata
888 453 1118 508 Hispanus
1141 454 1354 497 tuendam
1375 455 1587 511 suscepit,

135 524 321 581 aggredi
342 538 455 567 ausa
475 537 568 567 non
590 531 673 568 est.
699 526 768 567 Ita
790 533 839 567 ut
862 539 944 567 nec
966 532 1083 568 terra
1106 541 1188 568 nec
1220 541 1338 581 aqua
1370 526 1484 569 tanti
1508 540 1594 582 ap-

134 602 320 653 paratus
340 597 527 653 dignum
550 596 718 652 aliquid
741 597 957 639 hactenus
979 597 1166 652 egerint.
1198 598 1364 640 Milites
1393 599 1449 641 ad
1471 613 1594 654 prae-

134 668 301 712 sidium
323 669 517 712 Viennae
540 669 744 724 dispositi
768 675 1026 711 constanter
1048 670 1275 714 affirmant
1296 686 1343 714 se
1366 671 1592 715 venienti-

134 739 220 784 bus
240 740 404 786 Turcis
425 741 546 785 urbis
568 748 720 796 portas
741 742 1017 786 occlusurOS.
1051 743 1171 799 Quid
1209 743 1280 786 hic
1316 744 1466 786 hostes
1494 744 1594 787 fac-

134 813 224 857 turi
244 813 338 857 sint
363 815 531 866 nescio,
556 815 660 857 licet
681 814 933 857 communis
956 814 1106 868 opinio
1131 816 1250 870 apud
1285 829 1369 858 nos
1391 816 1449 858 sit
1471 815 1590 859 Tur·

134 899 254 937 cam,
292 886 370 929 ubi
402 886 553 942 copias
583 893 763 929 nostras
795 892 1092 942 congregatas
1130 887 1363 943 intelliget,
1402 890 1591 932 vastatis

133 958 258 1014 agris
278 958 521 1025 abiturum.
548 960 648 1014 Ego
670 964 824 1002 autem
856 959 930 1001 vix
959 959 1070 1001 mihi
1102 961 1370 1014 persuadere
1404 975 1588 1016 possum

135 1035 316 1074 tantum
338 1030 583 1087 principem
605 1037 784 1074 tantum
816 1031 988 1073 itineris
1019 1031 1289 1084 confecisse,
1316 1038 1495 1075 tantum
1519 1034 1588 1076 la-

136 1101 257 1146 boris
278 1101 484 1145 hausisse
505 1109 550 1146 et
572 1103 864 1158 pecuniarum
888 1103 1112 1154 effudisse,
1140 1111 1187 1146 ut
1203 1105 1335 1146 rebus
1356 1105 1590 1148 intentatis

136 1173 303 1218 nedum
342 1174 520 1218 infectis
557 1175 741 1231 pigeret.
780 1175 871 1218 Sed
906 1176 1058 1218 dicunt
1095 1177 1244 1230 aliqui,
1282 1191 1371 1219 non
1408 1177 1594 1231 putabat

135 1246 430 1290 Germaniam
465 1247 604 1290 unitis
633 1248 800 1290 viribus
832 1248 876 1291 in
912 1262 1014 1290 eum
1048 1249 1265 1291 ruituram
1298 1263 1381 1291 nec
1417 1249 1591 1304 Regem

133 1317 339 1370 Gallum,
365 1333 393 1362 a
414 1333 502 1375 quo
525 1326 574 1363 ut
594 1319 736 1363 fertur
763 1321 1029 1363 sollicitatus
1062 1320 1223 1375 fuerat,
1261 1321 1380 1363 domi
1413 1322 1593 1376 quietu-

135 1404 255 1435 rum.
295 1392 438 1447 Atqui
475 1398 607 1447 turpe
636 1399 703 1434 est
736 1393 1008 1448 imperatori,
1043 1393 1204 1435 dicere:
1240 1407 1330 1435 non
1367 1399 1591 1447 putaram.

135 1462 360 1506 Praeterea
381 1463 456 1506 ubi
479 1465 609 1508 video
642 1465 725 1508 hos
756 1467 868 1508 duos
893 1466 1232 1520 potentissimos
1265 1465 1383 1508 orbis
1410 1479 1593 1508 monar-

134 1535 261 1588 chas,
301 1541 515 1592 perpetua
545 1537 765 1581 hactenus
799 1539 1011 1582 felicitate
1044 1553 1164 1590 usos,
1199 1538 1255 1580 ad
1289 1539 1588 1582 conserendas

134 1621 301 1651 manus
321 1622 576 1665 properare,
612 1610 725 1653 duos
757 1610 1125 1654 instructissimos
1157 1625 1209 1653 ac
1241 1610 1590 1655 florentissimos

132 1680 373 1733 exercitus,
398 1695 587 1736 quorum
610 1683 780 1726 similes
801 1685 1000 1726 nondum
1034 1697 1222 1737 usquam
1258 1684 1457 1725 locorum
1482 1697 1593 1726 con-

132 1758 343 1808 gregatos
363 1767 462 1796 esse
483 1755 711 1806 existimo,
731 1770 867 1810 parvo
892 1756 1002 1798 adeo
1025 1756 1222 1798 locorum
1248 1755 1483 1797 intervallo
1502 1755 1590 1798 dis·

130 1823 314 1880 iunctos
334 1830 380 1868 et
400 1826 529 1869 avide
550 1828 663 1870 alter
685 1828 729 1870 in
751 1827 937 1870 alterius
959 1827 1144 1870 exitium
1177 1841 1321 1880 ruere,
1358 1841 1447 1868 non
1480 1841 1589 1881 pos-

132 1912 236 1942 sum
260 1898 373 1942 mihi
396 1899 660 1955 persuadere
682 1900 789 1955 quin
814 1914 1025 1955 magnam
1049 1900 1245 1954 aliquam
1275 1913 1423 1941 rerum
1449 1905 1587 1942 meta-

133 1971 414 2027 morphosim
438 1972 575 2014 visuri
598 1973 756 2017 simus.
783 1973 923 2027 Spero
944 1980 1097 2015 tamen
1120 1972 1238 2026 quod
1261 1971 1406 2013 hiems
1430 1985 1512 2013 nos
1534 1971 1592 2013 ab

134 2042 221 2086 hoc
247 2042 384 2086 dubio
415 2058 550 2099 quam
582 2045 780 2100 primurn
818 2045 1037 2088 liberabit.
1076 2045 1230 2100 Copiae
1262 2050 1426 2086 nostrae
1460 2048 1591 2086 erunt

134 2115 269 2170 longe
289 2130 426 2171 quam
449 2117 740 2161 credebamus
771 2118 978 2173 majores,
1012 2118 1121 2160 adeo
1155 2131 1320 2172 magna
1351 2116 1588 2158 hominum

133 2187 263 2231 turba
285 2187 374 2235 hue
395 2189 598 2242 confluit;
625 2191 861 2245 pecuniam
884 2192 1012 2234 nobis
1036 2190 1260 2245 Hispania
1292 2188 1591 2244 suppeditabit

129 2273 234 2315 quae
255 2259 332 2303 vix
353 2261 507 2304 credas
526 2269 695 2317 quanta
717 2263 855 2306 animi
880 2263 1233 2318 promptitudine
1269 2262 1313 2303 in
1344 2261 1428 2303 hac
1451 2274 1588 2316 expe-

132 2331 303 2375 ditione
326 2333 441 2376 vires
462 2340 506 2376 et
525 2334 762 2378 facultates
784 2335 1028 2390 impendat,
1056 2342 1120 2384 ut,
1149 2334 1232 2376 nisi
1256 2334 1494 2388 Hispanus
1512 2347 1588 2375 es-

131 2417 248 2455 sem,
272 2411 496 2448 servatam
518 2406 810 2450 Germaniam
842 2408 1060 2461 Hispanis
1091 2407 1238 2449 deberi
1269 2406 1479 2448 auderem
1510 2419 1588 2447 as·

131 2488 354 2519 severare.
377 2477 525 2521 Nemo
549 2486 644 2522 erat
665 2480 740 2535 qui
768 2480 1046 2536 Strigoniam
1080 2479 1450 2534 propugnandam
1483 2491 1589 2520 sus-

132 2547 314 2603 ciperet,
340 2550 575 2594 Lescanus
598 2552 824 2596 Cantaber
844 2553 1052 2594 inventus
1080 2557 1146 2593 est
1174 2564 1274 2593 eam
1306 2550 1382 2605 qui
1405 2550 1591 2605 provin-

131 2620 253 2664 ciam
274 2621 436 2665 lubens
455 2626 714 2680 assumpsit;
742 2625 987 2668 Posonium
1011 2624 1211 2666 deserare
1233 2623 1522 2665 decreverant
1544 2622 1591 2665 hi

133 2693 299 2749 quibus
331 2693 427 2749 ejus
458 2697 661 2740 custodia
692 2698 934 2740 commissa
966 2703 1075 2744 erat,
1109 2696 1184 2738 ubi
1208 2697 1399 2738 classem
1423 2694 1590 2738 Turci-

133 2779 238 2809 cam
262 2765 540 2822 Strigonium
564 2775 925 2824 praetergressam
949 2769 1204 2820 audierunt,
1231 2768 1391 2811 Petrus
1422 2769 1594 2823 Sapata

135 2836 434 2894 Carpetanus,
459 2840 533 2895 qui
556 2841 859 2884 conscribendi
886 2840 1100 2896 Ungarici
1122 2839 1350 2895 equitatus
1371 2839 1516 2894 gr'atia
1537 2853 1592 2881 eo

133 2917 335 2961 venerat,
371 2913 489 2955 ultro
521 2913 564 2956 id
598 2914 795 2956 muneris
825 2914 1007 2957 subivit.
1035 2915 1096 2957 Et
1129 2918 1283 2955 tamen
1314 2911 1475 2955 Turcae
1507 2924 1591 2954 nec
