1786 3198
522 236 576 264 m.
603 236 805 265 nanneno
835 238 893 265 nx
924 238 978 265 ιη
1006 237 1147 265 poam
1174 238 1260 265 nm,
1286 237 1361 266 cn>
1533 227 1613 276 561

207 327 293 358 nes
314 314 369 358 de
390 313 435 357 la
454 315 697 358 Asamblea
713 315 897 371 judicial
922 317 975 359 de
998 317 1185 368 distrito,
1208 316 1456 372 presididas
1477 318 1505 360 ὁ.
1527 331 1663 360 veces

205 386 624 443 porelr—Soberano,
647 402 677 444 y
699 390 753 431 de
776 391 842 431 las
865 389 1012 432 Cortes
1027 389 1316 446 pragonadas:

257 527 344 565 2.73
350 529 383 567 3.
435 518 616 555 Rretraer
636 530 709 555 uos
728 519 766 555 lo
784 530 836 554 an
853 531 903 556 en
922 519 1040 556 vistas
1058 531 1083 555 o
1101 531 1152 556 en
1171 528 1298 556 cortes

257 588 382 626 2.914.
435 577 706 626 Adugamelos
725 590 747 615 a
765 579 898 625 vistas‚
918 590 944 615 o
962 590 984 615 a
1002 579 1135 616 iuntas
1154 591 1178 616 o
1195 591 1216 615 a
1237 589 1381 626 cortes,

435 638 609 676 Commo
626 650 699 687 aya
718 638 889 675 derecho
907 639 955 675 de
974 639 1130 687 yfantes
1149 640 1197 676 de
1216 640 1384 677 Carrion

258 708 381 748 2949.
437 700 528 746 Que
542 699 653 748 gelos
670 698 830 735 leuedes
846 711 869 736 a
888 699 1021 745 vistas,
1041 711 1066 736 0
1084 711 1106 736 a
1126 700 1257 737 iuntas
1276 713 1301 737 o
1319 712 1341 736 a
1360 709 1501 738 cortes.

270 821 598 865 Describiendo
626 836 718 866 una
753 822 902 865 sesion
931 823 986 866 de
1017 823 1063 866 la
1094 822 1198 866 Cort
1232 823 1502 866 constituida
1531 838 1663 867 como

203 892 420 947 tribunal,
434 909 464 950 y
480 895 762 950 exponiendo
780 910 835 937 en
853 895 1015 937 detalle
1034 897 1098 938 las
1116 896 1403 938 actuaciones
1420 897 1490 939 del
1503 896 1661 952 juicio‚

203 966 251 1009 el
275 971 406 1009 autor
421 966 491 1010 del
508 967 667 1009 Poema
690 967 746 1009 da
764 968 791 1010 a
806 982 997 1010 conocer
1019 967 1160 1023 mejor
1182 982 1265 1023 que
1288 969 1356 1011 los
1369 968 1537 1025 placita
1552 969 1670 1013 dela

201 1041 363 1094 epoca‚
377 1038 547 1081 sobrios
565 1053 595 1095 y
612 1039 841 1082 laconicos
857 1055 911 1082 en
931 1047 1029 1083 esta
1045 1047 1186 1096 parte,
1207 1042 1246 1083 el
1265 1040 1402 1084 orden
1420 1041 1491 1084 del
1510 1055 1662 1096 proce-

254 1241 304 1279 A.
331 1243 435 1289 1156.
456 1243 587 1280 Fuero
605 1243 655 1280 de
673 1243 975 1280 Villavicenci0:
1004 1245 1081 1281 «De
1106 1245 1270 1293 pignora
1294 1255 1333 1282 et
1359 1245 1407 1282 de
1435 1245 1566 1292 iunta,
1586 1246 1658 1294 qui

200 1310 276 1339 eos
292 1300 481 1340 levaverit
496 1303 712 1352 respondat
732 1315 803 1352 pro
821 1303 913 1342 illis.
933 1305 983 1341 Et
1001 1305 1033 1340 si
1060 1305 1134 1352 ipsi
1160 1317 1230 1352 pro
1256 1317 1296 1342 se
1323 1304 1487 1351 fuerint,
1517 1316 1590 1352 pro
1613 1316 1655 1342 se

201 1362 475 1410 respondeant
478 1392 552 1402 .....
573 1365 624 1401 Et
649 1365 719 1413 qui
744 1364 785 1401 in
813 1364 894 1413 ipsa
923 1365 1015 1401 villa
1042 1365 1160 1402 fuerit
1184 1375 1223 1403 et
1247 1377 1369 1402 sanus
1395 1365 1529 1412 fuerit,
1548 1374 1590 1402 et
1607 1365 1658 1402 ad

199 1421 378 1471 apellido
395 1423 458 1461 vel
469 1424 520 1460 ad
539 1424 655 1461 iunia
673 1425 734 1461 vel
752 1425 802 1461 ad
822 1425 985 1473 pignora
1004 1425 1058 1462 ire
1084 1426 1272 1472 noluerit,
1301 1427 1438 1462 bibant
1456 1426 1492 1463 ei
1511 1426 1662 1474 pignus

203 1494 278 1531 pro
296 1482 385 1521 soro
403 1484 452 1521 de
471 1484 536 1522 illa
554 1485 662 1532 villa,
682 1486 780 1522 duas
801 1494 929 1533 partes
948 1486 998 1522 ad
1016 1486 1085 1522 illo
1105 1486 1272 1525 consilio
1296 1495 1334 1523 et
1353 1486 1476 1523 tercia
1500 1486 1549 1523 ad
1568 1486 1659 1523 illos

197 1543 416 1583 seniores.»
449 1545 627 1595 (Μυῆοι,
660 1546 891 1594 Coleccio'n,
923 1547 1011 1595 pag.
1046 1547 1308 1595 176.)—1208.
1341 1548 1471 1584 Fuero
1499 1547 1548 1583 de
1574 1548 1656 1584 San

201 1603 319 1642 'rix-so
335 1617 362 1654 y
378 1605 623 1643 Casti-illino:
646 1607 754 1653 «Qui
772 1607 971 1643 caballum
990 1608 1039 1644 de
1065 1607 1231 1644 infestos
1257 1607 1441 1644 habuerit
1444 1635 1519 1645 .....
1538 1607 1659 1644 vadat

195 1665 258 1703 ad
275 1665 455 1704 iunctam
474 1667 537 1705 vel
555 1668 609 1705 ad
629 1668 824 1706 iudicium
843 1680 935 1705 curn
953 1668 1120 1705 domino
1138 1680 1223 1710 suo,
1242 1668 1294 1705 ita
1314 1677 1471 1705 tantum
1486 1680 1598 1713 vero,
1614 1677 1659 1704 ut

201 1725 246 1763 in
269 1726 391 1764 tercia
413 1726 478 1764 die
503 1729 628 1776 possit
654 1729 781 1766 redire
807 1729 976 1766 domum
1003 1740 1131 1775 suam,
1157 1737 1196 1765 et
1222 1728 1413 1764 dominus
1434 1728 1466 1764 si
1493 1738 1654 1764 necesse

203 1785 324 1823 fuerit
337 1786 456 1824 ferret
469 1787 504 1824 ei
522 1800 687 1838 equum,
702 1797 741 1825 et
758 1789 953 1837 gubernet
972 1800 1065 1825 eum
1082 1800 1174 1825 cum
1194 1800 1300 1836 equo
1317 1799 1433 1824 suom
1448 1786 1595 1835 (Care.
1608 1788 1662 1824 de

201 1845 250 1883 Ia
268 1845 403 1884 Orden
419 1848 470 1884 de
485 1847 697 1899 Santiago
714 1861 761 1886 en
778 1849 902 1896 Le6n,
922 1861 1023 1887 saec.
1043 1849 1148 1894 XIII,
1172 1849 1260 1896 pag.
1286 1849 1384 1896 136.)

254 1907 304 1958 ᾼ.
330 1917 435 1954 1055:
457 1908 578 1945 «Orta
595 1908 671 1945 fuit
688 1909 861 1947 intentio
878 1910 982 1946 inter
998 1909 1088 1945 illos
1105 1908 1314 1946 commites
1339 1907 1492 1943 domno
1517 1906 1660 1943 Gutier

200 1975 245 2004 et
257 1967 410 2005 domno
422 1969 585 2013 Gomez,
598 1978 691 2005 ante
708 1969 777 2006 illo
792 1982 862 2007 rex
878 1970 1030 2006 domno
1047 1967 1323 2011 Fredenando,
1340 1967 1381 2003 in
1396 1966 1461 2003 illa
1477 1966 1597 2003 iunta
1608 1966 1657 2003 de

207 2022 383 2065 Mouzon
410 2040 483 2077 pro
509 2029 595 2065 illas
619 2029 856 2066 hereditates
881 2030 930 2066 de
957 2029 1105 2066 Dobres
1131 2037 1169 2065 et
1196 2028 1244 2064 de
1270 2027 1387 2074 Orgia
1406 2035 1445 2062 et
1463 2026 1512 2062 de
1533 2026 1656 2073 Brag-

203 2088 291 2126 nias
296 2117 371 2127 .....
390 2090 558 2138 proinde
584 2089 768 2126 venimus
791 2099 884 2127 ante
909 2090 979 2126 illo
1005 2102 1089 2131 rex,
1115 2098 1154 2126 et
1176 2088 1358 2125 dedimus
1383 2087 1498 2134 plazo
1516 2098 1597 2134 que
1615 2097 1657 2123 se

199 2148 388 2186 iantasen
407 2149 448 2186 in
468 2150 627 2186 Levana
651 2148 688 2185 II
713 2161 842 2186 nonas
869 2149 1017 2186 mensis
1043 2148 1240 2193 Octobris,
1260 2156 1300 2184 et
1325 2146 1592 2184 aiuntaronse
1609 2146 1654 2183 in

200 2208 435 2246 Pamanes.»
453 2209 747 2256 (Documentos
758 2211 807 2247 de
819 2209 1039 2259 Sahagzin,
1056 2210 1166 2246 num.
1186 2208 1448 2255 531.)-1o97:
1466 2221 1483 2240 ι
1491 2234 1563 2244 .....
1581 2206 1657 2243 Or-

200 2277 243 2306 (a
260 2269 339 2306 fuit
353 2269 525 2306 intentio
542 2270 644 2307 inter
664 2271 830 2307 Diacum
849 2271 1033 2306 abbatem
1051 2269 1190 2306 Sancti
1216 2267 1396 2305 Facundi
1421 2276 1461 2303 et
1478 2267 1656 2304 Rodrico

201 2329 331 2367 Petriz
348 2339 388 2367 et
407 2331 524 2368 Petro
542 2331 644 2367 Citiz
663 2339 702 2367 et
726 2341 820 2366 suos
846 2341 1058 2378 germanos
1081 2338 1119 2365 et
1146 2330 1245 2364 duas
1268 2338 1478 2376 germanas
1503 2327 1552 2364 de
1571 2328 1654 2365 Ro-

199 2389 314 2427 drico
333 2391 472 2436 Petriz‚
491 2403 611 2439 super
629 2391 728 2428 duos
745 2390 892 2426 solares
916 2402 1008 2426 cum
1032 2401 1105 2426 sua
1131 2388 1348 2425 hereditate
1367 2388 1410 2423 in
1427 2387 1602 2433 villena,
1620 2395 1660 2423 et

200 2450 369 2487 fuerunt
385 2451 435 2487 ad
454 2451 634 2488 iunctam
652 2452 700 2487 ad
720 2450 865 2487 comite
882 2450 1034 2486 domno
1050 2451 1186 2486 Sanxo
1190 2476 1262 2486 .....
1272 2463 1289 2483 »
1312 2447 1494 2496 (Ibidem,
1514 2447 1659 2484 mime-

202 2520 249 2547 το
267 2510 531 2559 700.)—-1028:
556 2523 572 2545 ι
578 2538 652 2549 .....
672 2511 863 2548 Inimicus
881 2510 1048 2546 humani
1068 2509 1222 2557 generis
1245 2507 1449 2545 suscitavit
1471 2507 1659 2544 bataliam

139 2596 142 2598 -
199 2578 244 2607 et
259 2569 474 2608 alfetenam
496 2572 599 2609 inter
621 2572 721 2609 duos
748 2581 1038 2618 eongermanos
1041 2597 1111 2607 .....
1139 2569 1305 2605 nomina
1330 2569 1509 2616 ipsorum
1538 2568 1655 2604 Arias

197 2629 344 2668 Osoriz
361 2640 400 2668 et
415 2631 612 2669 Iohannis
631 2632 773 2678 Pelaiz,
792 2640 831 2667 et
849 2629 1015 2667 occessit
1031 2630 1207 2667 ,Ioannes
1230 2629 1282 2664 ad
1307 2629 1421 2665 Arias
1424 2656 1500 2666 .....
1516 2627 1660 2665 >maio·

198 2691 312 2729 rinos
329 2692 378 2730 de
394 2705 486 2741 rege
510 2693 662 2730 domno
689 2691 1025 2730 Fredenando.....
1052 2688 1446 2737 adprehendiderunt
1469 2688 1586 2725 villas
1610 2689 1660 2725 de

197 2750 288 2800 ipso
305 2751 549 2793 Joanne.....
570 2753 634 2791 Ad
649 2764 765 2789 aures
785 2751 965 2800 pervenit
987 2750 1117 2786 fratris
1143 2748 1284 2785 Ariani
1307 2748 1475 2785 abbatos
1478 2776 1554 2786 .....
1577 2749 1658 2786 Fe-

195 2811 256 2849 cit
279 2813 427 2850 aiunta
450 2826 541 2851 curn
569 2815 677 2862 ipsos
702 2812 930 2858 maiorinos‚
950 2819 990 2848 et
1007 2810 1159 2858 rogavit
1183 2809 1305 2846 abbas
1330 2820 1404 2857 pro
1422 2821 1464 2845 se
1487 2817 1527 2845 et
1544 2808 1659 2845 omni

201 2874 389 2920 concilio,
410 2875 480 2911 ubi
505 2884 590 2912 erat
617 2886 701 2911 non
727 2874 884 2910 modica
912 2871 1167 2908 multitudo.»
1188 2870 1404 2918 (Garnae
1427 2869 1659 2913 (temnentes,

197 2945 305 2972 saec.
326 2936 431 2981 XIII,
454 2936 522 2972 fol.
545 2937 622 2983 72.)
