1846 3224
563 223 726 253 CARTAS
754 224 811 253 DE
841 214 1063 261 uonm'zJAR
1092 226 1116 253 Y
1146 226 1306 255 BALuzss
1332 267 1335 270 K
1554 228 1601 256 11

203 298 414 344 rifi-eciem.
434 301 609 343 Guarde
622 301 729 342 Dios
745 304 770 343 a
784 301 881 342 Vm.
900 315 1021 342 como
1034 302 1402 345 decem—Maddd
1418 307 1442 345 a
1458 316 1505 344 21
1530 305 1583 345 de
1602 305 1658 345 fe·

201 367 324 410 breto
355 369 412 410 de
448 367 766 410 1680.—Ser.0r
798 367 851 409 de
884 367 1094 410 Vin—El
1126 371 1178 409 M
1178 384 1313 423 arquos
1345 370 1391 410 de
1422 372 1655 421 Mondcxar,

198 433 328 476 conde
345 434 392 475 de
413 434 608 477 Tendilla.

267 540 493 622 (original.
514 566 628 609 Bibl.
647 567 751 609 Nae.
771 566 825 607 de
844 567 978 616 Paris,
1000 567 1164 615 Balnze,
1186 580 1279 622 354,
1302 569 1373 610 fol.
1397 571 1507 623 177.)

876 816 984 886 IV

195 1021 548 1073 Illustrissimo
595 1026 639 1069 et
697 1020 1122 1070 Excellentissimo
1172 1020 1384 1070 Domino
1436 1019 1650 1085 Gaspari

269 1102 332 1150 M
333 1099 525 1149 endozae
543 1102 604 1149 M
604 1099 827 1149 archiom'
845 1099 904 1147 de
920 1101 980 1148 M
984 1099 1216 1157 ondexar,
1242 1098 1423 1148 comiti
1442 1098 1500 1146 de
1524 1099 1649 1147 Ten-

215 1215 219 1218 ·
269 1178 419 1236 dilla,
448 1179 722 1244 Stephanus
743 1177 985 1228 Baluzius
1013 1178 1302 1226 Tutelensis.
1332 1177 1388 1227 S.
1415 1178 1478 1226 P.
1507 1179 1577 1226 D.

247 1363 603 1418 Quandoquidem
632 1362 692 1404 ita
716 1362 856 1415 jubes,
879 1362 1249 1403 Excellentissime
1268 1363 1465 1409 Domine,
1488 1363 1550 1404 sic
1570 1365 1646 1406 erit

190 1429 301 1472 inter
320 1444 399 1472 nos
415 1429 714 1471 commercium
735 1429 946 1470 literarum
967 1435 1010 1469 ut
1030 1429 1130 1469 mihi
1156 1430 1282 1470 liceat
1310 1429 1439 1470 latine
1465 1443 1644 1482 respon-

192 1496 294 1539 dere
309 1498 364 1538 ad
383 1497 584 1549 epistolas
601 1503 697 1537 tuas
724 1496 982 1549 hispanicas.
1014 1497 1080 1536 Ad
1112 1497 1291 1548 primum
1323 1497 1495 1549 quidem
1522 1498 1645 1538 decet

188 1577 259 1605 me
276 1563 352 1605 tibi
371 1563 527 1616 gratias
546 1564 590 1604 in
609 1570 875 1604 antecessum
904 1576 1026 1616 agere
1053 1577 1130 1616 pro
1160 1563 1367 1604 Conciliis
1397 1562 1645 1616 Hispanicis

187 1643 282 1684 quae
309 1629 413 1670 mihi
442 1630 670 1682 polliceris,
697 1630 912 1671 uberiores
941 1636 1133 1670 acturum
1163 1642 1291 1683 quum
1323 1629 1396 1670 illa
1422 1643 1640 1682 accepero;

187 1696 343 1751 quibus
362 1697 399 1737 si
417 1697 570 1738 addere
589 1710 739 1750 posses
756 1697 842 1737 duo
861 1697 1050 1738 Goensia
1069 1697 1213 1737 habita
1237 1695 1358 1736 annis
1378 1695 1642 1739 ,MDLXVII

182 1768 225 1804 et
238 1762 429 1804 MDCVI
442 1763 511 1811 (1),
529 1777 622 1816 quae
633 1763 770 1804 habeo
779 1768 944 1804 tantum
962 1763 1184 1804 lusitanica
1199 1763 1355 1814 lingua,
1371 1775 1467 1802 eum
1484 1763 1642 1815 scripta

181 1829 322 1883 primo
355 1829 440 1870 sint
462 1829 591 1871 latine
610 1836 653 1871 et
672 1830 759 1871 duo
776 1829 999 1870 Limensia
1017 1829 1162 1870 habita
1180 1829 1301 1869 annis
1326 1829 1579 1870 MDCXXV
1597 1835 1639 1870 et

182 1897 463 1939 MDCXXIX
482 1910 658 1950 quorum
674 1897 933 1938 mentionem
954 1895 1052 1937 facit
1071 1895 1283 1936 Antonius
1302 1896 1354 1936 de
1374 1896 1494 1936 Leon
1515 1895 1640 1937 Pine-

184 1963 229 2004 lo
247 1961 290 2003 in
312 1963 410 2003 Vita
433 1963 589 2003 Toribii
613 1963 780 2015 Alfonsi
798 1964 848 2002 M
852 1964 1032 2016 ogroveii
1052 1963 1342 2014 Archiepiscopi
1357 1963 1550 2002 Limcnsis
1569 1962 1636 2010 (2),

185 2029 420 2070 cumulares
436 2042 536 2070 sane
556 2029 804 2071 beneficium
826 2036 961 2077 tuum,
985 2029 1272 2070 eruditissime
1293 2028 1370 2069 vir.

237 2097 305 2136 De
325 2095 510 2148 epistola
529 2095 732 2148 Stephani
751 2097 790 2136 V
810 2097 936 2150 Papae
963 2095 1145 2136 Romani
1167 2095 1220 2135 ad
1250 2095 1418 2136 Seivam
1448 2101 1491 2136 et
1519 2097 1633 2136 Her-

180 2162 403 2202 memirum
424 2175 559 2215 pauca
579 2175 652 2214 per
671 2166 939 2203 transennam
962 2162 1051 2203 dixi
1070 2162 1114 2201 in
1135 2168 1253 2202 tomo
1267 2162 1455 2202 secundo
1469 2165 1530 2202 De
1548 2176 1636 2202 con-

177 2227 310 2268 cordia
337 2227 542 2268 sacerdotii
559 2232 595 2267 ct
616 2229 783 2280 imperii,
806 2241 904 2280 pag.
926 2230 1020 2275 266,
1043 2233 1084 2268 et
1105 2228 1276 2280 quidem
1307 2227 1358 2269 iis
1379 2228 1521 2269 verbis
1541 2242 1635 2281 quae

178 2293 352 2336 innuere
371 2295 621 2336 videbantur
641 2309 733 2336 eam
759 2295 861 2336 mihi
889 2295 1024 2336 visam
1052 2295 1182 2335 fuisse
1211 2295 1541 2347 supposititiam.
1574 2296 1632 2335 Et

176 2373 278 2402 sane
292 2361 407 2414 gravi
422 2367 513 2402 tum
531 2367 776 2414 argumento
792 2362 984 2403 trahebar
1004 2361 1047 2401 in
1063 2374 1154 2401 eam
1176 2361 1424 2402 sententiam
1441 2362 1496 2402 ob
1510 2364 1628 2402 clau-

177 2425 315 2467 sulam
333 2425 530 2467 nimirum
551 2426 667 2467 illam
687 2426 731 2467 in
750 2440 833 2480 qua
851 2427 1055 2480 scriptum
1077 2433 1140 2467 est
1165 2426 1404 2468 Ecclesiam
1433 2428 1631 2468 Tarraco-

226 2598 280 2648 (1)
333 2599 381 2636 El
407 2599 555 2648 primer
582 2600 767 2637 Concilio
795 2601 1003 2638 celebrado
1030 2613 1078 2637 en
1106 2602 1206 2648 Goa,
1226 2601 1358 2639 elafio
1385 2602 1433 2639 de
1465 2602 1567 2649 1567,
1588 2614 1628 2639 se

178 2658 341 2707 publico
360 2659 397 2696 al
414 2659 471 2696 fin
488 2659 537 2695 de
555 2659 613 2695 las
630 2661 912 2710 Constitufdes
928 2662 976 2698 de
1001 2661 1093 2697 Goa
1111 2662 1226 2709 (Goa,
1258 2662 1378 2708 1568),
1400 2674 1423 2710 y
1450 2662 1626 2698 tambien

108 2729 111 2733 ·
173 2727 324 2766 aparte.
352 2719 430 2756 Las
453 2728 560 2756 actas
582 2719 646 2756 del
676 2720 725 2757 de
762 2722 854 2758 1606
879 2720 1050 2756 salieron
1079 2720 1102 2756 a
1131 2720 1197 2757 luz
1229 2721 1263 2758 el
1295 2722 1438 2758 mismo
1468 2722 1546 2758 afio
1575 2733 1624 2758 en

170 2778 287 2815 Co’m
364 2808 375 2818 .

220 2790 271 2887 (iz)
291 2779 441 2878 131,ῖῗίάι
451 2841 519 2879 del
538 2841 798 2878 ilustrissimo
809 2854 850 2890 y·
864 2841 1194 2878 reverendissimo
1210 2842 1265 2878 D.
1286 2841 1455 2878 Toribio
1472 2840 1621 2890 Alson-

169 2901 509 3008 ffiassggffggjo'
529 2902 750 2950 Arqobispo
776 2903 825 2938 de
852 2900 895 2936 la
922 2900 1086 2938 Ciudad
1103 2901 1231 2938 delos
1248 2902 1388 2950 Reyes
1409 2902 1458 2937 de
1483 2900 1622 2937 Lima:

327 2989 338 3007 ‚
460 2989 472 3000 .
