1786 3198
263 217 310 258 41
317 217 344 245 0
751 214 920 243 EDUARD
950 214 1154 243 BOEHMER

210 295 484 342 Lesconium
509 307 592 336 nec
615 294 834 348 Sapatam
858 298 1034 336 tentare
1065 293 1161 336 ausi
1184 299 1303 340 sunt.
1326 294 1473 339 Viden
1495 310 1586 352 quov
1605 310 1680 341 me

209 366 463 424 perduxerit
487 365 684 408 stultitia
707 371 757 408 ut
780 361 924 408 factus
948 366 1033 408 sim
1059 381 1172 409 meae
1192 367 1339 422 gentis
1359 369 1675 422 encomiastes,

208 447 257 483 tu
274 447 422 483 autem
441 454 492 481 ea
511 439 725 491 libertati,
753 453 841 494 qua
859 444 1010 501 tecum
1030 453 1208 495 semper
1225 454 1333 482 usus
1351 455 1467 493 sum,
1487 442 1672 496 tribues.

269 512 370 555 Misi
406 512 463 554 ad
494 516 537 553 te
570 511 877 566 superioribus
909 512 1062 555 diebus
1094 511 1375 556 chirothecas
1408 514 1676 569 quibuscum

210 584 398 639 alicujus
421 584 584 639 puellae
608 583 803 638 gratiam
828 589 1048 639 captares,
1087 597 1208 626 nunc
1240 583 1404 629 indusii
1437 601 1679 632 ornamen-

209 664 302 701 tum
330 671 467 699 manu
492 655 729 711 cujusdam
760 655 1099 699 formosissimae
1134 655 1346 712 nymphae
1379 656 1422 700 in
1454 657 1681 713 Hispania

209 730 488 772 elaboratum
513 728 569 771 ad
591 734 634 770 te
661 728 791 771 mitto
818 734 883 779 ut,
911 728 950 771 si
973 728 1083 771 forte
1113 728 1203 770 illis
1226 742 1386 784 parum
1421 729 1675 785 profeceris,

210 802 297 845 hoc
321 815 419 844 eam
445 799 736 856 aggrediaris.
762 801 891 844 Vale.

271 873 548 928 Ratisponae·
562 872 637 916 III
659 873 955 928 Septembris.

271 946 318 989 Si
343 946 439 988 Rex
459 947 661 1004 Joannes
683 948 759 990 ubi
782 947 949 990 videbit
973 946 1125 1002 copias
1158 947 1352 991 Caesaris
1381 952 1683 1016 congregatas

210 1020 254 1063 in
279 1019 457 1062 hostem
483 1019 678 1073 prodire,
706 1022 839 1063 vellet
871 1034 976 1062 suas
1010 1019 1127 1062 vires
1162 1021 1330 1063 nostris
1364 1019 1605 1076 adjungere
1627 1034 1681 1064 ac

210 1092 361 1135 hostes
383 1106 409 1134 a
432 1098 559 1147 tergo
586 1092 751 1134 adoriri
773 1094 844 1135 vel
874 1106 1032 1135 eorum
1063 1092 1226 1135 saltem
1256 1098 1419 1148 pontes
1442 1092 1683 1147 infringere

210 1171 261 1208 ut
284 1165 346 1207 illi
371 1164 426 1206 ad
462 1166 767 1208 conserendas
802 1179 965 1208 manus
994 1171 1280 1219 cogerentur,
1317 1166 1566 1208 maximum
1595 1179 1678 1208 no-

213 1252 315 1281 men
339 1238 458 1293 apud
483 1237 769 1280 Christianos
793 1236 876 1279 sibi
901 1249 1162 1291 comparare
1186 1243 1337 1292 posset
1360 1251 1412 1280 ac
1434 1238 1568 1292 longe
1591 1251 1682 1280 me—

211 1310 298 1352 lius
322 1323 416 1352 rem
441 1323 573 1352 suam
599 1317 774 1365 ageret.
801 1308 973 1367 Quodsi
997 1309 1379 1362 quemadmodum
1404 1310 1528 1361 Itali,
1553 1310 1615 1352 ita
1637 1315 1684 1352 et

211 1382 307 1437 ipse
341 1382 536 1425 Caesaris
568 1382 863 1425 clementiam
895 1387 939 1423 et
967 1379 1282 1424 liberalitatem
1310 1388 1516 1438 expertus
1545 1386 1677 1433 esset,

211 1460 282 1498 sat
311 1455 402 1497 scio
433 1468 537 1497 eum
570 1454 689 1496 hanc
718 1453 1000 1497 occasionem
1034 1465 1125 1493 non
1154 1454 1582 1508 praetermissurum.
1609 1453 1681 1496 Tu

213 1529 316 1571 vide
342 1543 400 1571 an
424 1543 478 1570 ea
501 1528 546 1570 in
571 1543 618 1570 re
645 1527 812 1583 aliquid
834 1531 1047 1582 praestare
1069 1526 1232 1578 possis.

271 1601 513 1644 Granvella
530 1600 666 1655 jussit
689 1606 737 1643 ut
759 1603 813 1644 de
837 1602 1043 1657 gradario
1070 1600 1122 1651 (¹)
1146 1602 1309 1644 iterum
1344 1601 1399 1644 ad
1431 1607 1477 1643 te
1506 1599 1678 1642 scribe-

209 1688 321 1733 rem,
345 1674 462 1728 quod
486 1687 569 1728 ego
593 1673 766 1717 invitus
789 1675 919 1728 facio,
947 1680 1025 1721 sed
1047 1679 1153 1735 quia
1174 1691 1246 1719 me
1267 1674 1491 1718 facturum
1515 1672 1678 1727 recepi,

210 1747 346 1790 fidem
373 1744 522 1789 meain
557 1747 750 1790 liberare
782 1749 922 1793 volui.
960 1751 1260 1807 Pimpinellus
1294 1761 1473 1803 quoque
1504 1744 1681 1800 rogavit

209 1826 257 1862 ut
279 1820 512 1875 negotium
536 1821 591 1862 de
614 1835 702 1875 quo
724 1821 780 1863 ad
803 1828 847 1864 te
869 1823 1023 1867 scribit
1044 1824 1126 1867 tibi
1150 1820 1533 1870 commendarem?
1559 1830 1680 1860 Gom·

211 1894 392 1938 mendo.
416 1894 477 1936 Et
500 1893 665 1935 iterum
690 1894 809 1937 vale.
836 1894 965 1938 Tuus
987 1895 1202 1952 quicquid
1224 1899 1293 1937 est
1318 1890 1573 1936 Valdesius.

273 1967 499 2022 Receptum
523 1966 614 2008 XX
638 1966 901 2022 Septembre
927 1968 1061 2024 1532.

278 2039 335 2080 In
360 2038 500 2081 dorso.-
527 2039 645 2082 R.m0
663 2040 768 2083 Dr‘io
789 2040 894 2083 Dfio
910 2042 1075 2099 Joanni
1096 2039 1315 2084 Dantisco
1334 2035 1562 2093 Episcopo
1581 2033 1683 2078 Cull

213 2110 359 2153 mensi
385 2110 531 2154 Ser.mi
561 2110 702 2166 Regis
724 2111 924 2154 Poloniae
949 2111 1117 2155 Con-rio
1144 2110 1227 2155 dre.

278 2255 326 2300 S.
350 2270 395 2311 p.
466 2257 583 2299 Cum
606 2255 677 2299 his
695 2256 768 2312 qui
791 2271 845 2300 ex
861 2263 987 2313 parte
1005 2255 1297 2300 illustrissimi
1315 2253 1488 2298 domini
1507 2251 1688 2296 comitis

215 2327 268 2371 de
292 2327 331 2370 T
337 2361 426 2372 .....
455 2329 508 2376 (2)
532 2343 673 2384 equos
696 2329 754 2372 ad
786 2329 1012 2373 Caesarem
1043 2330 1289 2372 attulerunt
1317 2325 1523 2370 diffusius
1551 2324 1608 2367 ad
1641 2330 1687 2366 te

214 2400 390 2455 scripsi,
418 2402 586 2456 eosque
610 2401 803 2444 donatos
826 2402 992 2445 dimisi:
1018 2402 1194 2458 primus
1226 2414 1382 2443 eorum
1413 2397 1572 2441 habuit
1600 2397 1684 2440 du-

218 2480 350 2516 centa
373 2480 502 2517 scuta
525 2475 642 2528 auri,
669 2476 783 2518 alter
807 2481 1008 2528 centum,
1036 2481 1079 2518 et
1101 2480 1286 2530 uterque
1316 2472 1467 2516 nescio
1490 2476 1599 2527 quot
1620 2471 1687 2514 ul-

268 2673 321 2723 (ι)
375 2676 477 2713 Scil.
499 2689 623 2726 equo.
650 2678 760 2716 Vide
778 2678 995 2727 epistolam
1013 2677 1204 2716 Valdesii
1223 2676 1398 2714 indidem
1411 2676 1555 2713 datam
1569 2676 1688 2712 8Au-

220 2733 348 2829 gugtzi,
367 2734 519 2829 esditam
540 2750 568 2773 a
589 2737 776 2786 Waltqio
798 2739 837 2776 in
857 2738 1083 2776 Zeitschrift
1101 2738 1166 2775 fiir
1193 2735 1594 2786 Kirchengeschichte
1617 2734 1688 2781 lv,

214 2803 250 2841 p
269 2803 355 2898 (2)9
375 2805 536 2890 Ig'omen
554 2867 705 2903 parum
729 2856 845 2894 clare
862 2857 1075 2907 scriptum.
1095 2857 1195 2895 Sine
1206 2856 1326 2899 dubio
1346 2867 1475 2894 sermo
1486 2857 1542 2907 fit
1559 2856 1609 2893 de
1625 2865 1693 2891 co-

223 2911 325 2949 mite
342 2911 383 2948 in
401 2913 591 2956 Tarnow.
617 2916 712 2954 Vid.
737 2929 865 2966 supra
879 2929 925 2967 p.
945 2921 1031 2965 408.
