1846 3224
541 237 709 266 emus
735 237 793 265 ns
822 226 1049 273 uonnsJAR
1077 236 1103 263 Y
1132 235 1293 265 BALuzrz
1536 236 1582 276 13

182 316 435 372 negligentia
455 328 552 356 cum
570 315 645 356 illo
660 315 960 368 expostularet,
979 316 1137 354 nullam
1156 314 1309 354 bonam
1326 313 1639 354 excusationem

181 384 239 426 ab
265 397 318 425 eo
345 382 524 436 accepit;
547 387 714 422 tantum
736 388 934 421 causatus
959 387 1024 421 est
1051 381 1319 433 asperitatem
1350 380 1644 432 Inquisitionis

182 451 446 504 Hispanicae.
479 449 605 502 Quod
636 461 713 501 ego
738 460 997 500 cognoscens
1025 461 1116 487 esse
1136 460 1338 500 perquam
1357 446 1551 487 frivolum
1571 453 1639 486 at-

183 531 267 572 que
283 517 527 563 ridiculum,
555 515 737 571 cupiens
760 520 900 554 autem
932 519 979 552 ut
1008 513 1106 553 libri
1136 514 1199 552 illi
1229 513 1284 553 ad
1305 520 1347 552 te
1365 513 1537 553 tandem
1557 514 1637 553 ali-

184 583 354 638 quando
382 570 646 635 perveniant,
669 580 767 620 illos
793 581 876 620 huc
901 580 954 619 ad
986 593 1052 618 me
1082 579 1241 619 remitti
1269 579 1481 626 mandavi,
1503 588 1549 619 ut
1571 593 1643 631 per

183 648 312 702 aliam
333 648 445 688 viam
466 648 703 688 deferantur
723 646 959 694 Matritum‚
989 646 1101 698 quod
1127 646 1199 685 fiet
1220 646 1460 698 propediem
1484 645 1645 698 absque

184 715 272 757 ulla
290 728 422 755 mora.
445 713 617 754 Interim
638 727 712 753 oro
730 720 787 760 te,
809 712 873 752 vir
895 711 1196 752 humanissime
1214 720 1253 752 et
1274 712 1442 763 optime,
1466 726 1517 752 ne
1539 713 1641 752 mihi

184 781 370 834 imputes
397 781 505 820 hanc
530 779 869 819 retardationem.
892 780 1003 819 Puto
1023 783 1163 817 autem
1187 786 1227 817 te
1244 779 1329 829 jam
1351 779 1566 830 accepisse
1585 779 1639 818 li-

185 847 306 888 brum
328 845 495 888 tertium
519 847 567 885 M
573 846 858 886 iscallaneorum
881 858 1085 891 meorum,
1104 844 1146 884 in
1167 858 1248 898 quo
1269 846 1470 885 nonnulla
1489 846 1644 887 haben—

184 919 253 955 tur
271 914 323 955 ad
345 925 415 953 res
433 912 673 965 hispanicas
694 911 945 964 pertinentia
965 912 1034 957 (ι).

239 981 291 1022 In
319 980 403 1020 fine
432 980 556 1020 istius
584 979 774 1031 epistolae
802 984 964 1030 oportet
993 977 1118 1018 etiam
1150 991 1217 1016 me
1247 978 1324 1017 tibi
1344 978 1500 1029 gratias
1519 993 1642 1031 agere

122 1084 126 1087 .
186 1059 266 1100 pro
281 1046 481 1087 librorum
503 1059 527 1086 a
548 1052 588 1085 te
607 1045 817 1085 editorum
839 1045 1153 1096 exemplaribus
1168 1059 1259 1096 quae
1281 1044 1383 1084 mihi
1399 1045 1637 1093 destinasti,

186 1112 378 1155 Marcbio
411 1112 656 1153 doctissime
693 1119 734 1151 et
773 1110 1144 1151 excellentissime.
1185 1111 1392 1162 Cuperem
1432 1125 1531 1151 sane
1569 1126 1644 1154 eos

185 1179 498 1235 quamprimum
518 1178 687 1219 habere.
709 1177 819 1217 Nam
841 1191 894 1218 ex
914 1177 1131 1230 cujusdam
1154 1176 1269 1217 docti
1289 1178 1385 1226 viri,
1408 1178 1479 1231 qui
1494 1192 1639 1218 eorum

186 1259 318 1288 unum
338 1246 465 1292 vidit.
488 1245 708 1292 relatione,
727 1243 916 1285 intellexi
930 1244 1082 1296 dignos
1098 1258 1188 1283 esse
1208 1245 1278 1296 qui
1301 1245 1487 1296 legantur
1504 1259 1529 1285 a
1549 1252 1639 1285 stu-

186 1313 322 1355 diosis
351 1312 554 1352 bonarum
586 1312 800 1352 literarum
830 1318 870 1351 et
899 1325 981 1351 non
1012 1312 1122 1350 male
1151 1310 1403 1350 collocatum
1430 1311 1479 1351 iri
1509 1312 1644 1352 bonas

185 1380 312 1422 horas
333 1379 370 1420 si
390 1381 487 1433 quis
506 1378 639 1418 otium
663 1391 784 1418 suum
804 1377 848 1417 in
862 1391 912 1417 ea
930 1376 1111 1417 lectione
1132 1377 1306 1416 triverit.
1330 1378 1475 1430 Itaque
1492 1378 1527 1418 si
1548 1379 1642 1418 Do·

125 1464 131 1469 ’
185 1446 328 1488 minus
349 1446 540 1487 Pellotus
560 1445 748 1485 nondum
768 1458 794 1484 a
813 1450 856 1484 te
873 1444 1116 1484 discesserit
1137 1457 1264 1496 quum
1285 1443 1389 1484 istas
1408 1445 1550 1484 literas
1569 1457 1645 1485 ac-

182 1513 340 1566 cipies,
356 1513 530 1554 obsecro
546 1519 603 1559 te,
621 1510 820 1558 Domine,
844 1516 889 1549 ut
902 1510 941 1549 ei
957 1510 1098 1550 tradas
1110 1523 1159 1549 ea
1173 1509 1428 1562 exemplaria
1441 1510 1645 1551 librorum

185 1585 358 1621 tuorum
379 1592 472 1633 quae
492 1577 596 1618 mihi
616 1578 774 1618 donare
792 1576 1065 1616 constituisti.

242 1646 434 1688 Arbitror
462 1645 758 1685 inchoatarum
790 1656 859 1682 me
887 1643 1118 1683 editionem
1151 1655 1338 1683 meorum
1367 1642 1645 1683 conciliorum

186 1718 287 1755 ante
305 1711 523 1766 proximas
540 1710 742 1751 kalendas
770 1709 970 1762 Augusti,
993 1710 1101 1748 intra
1122 1723 1226 1761 quas
1246 1721 1366 1761 spero
1389 1721 1456 1748 me
1475 1708 1644 1748 habitu-

183 1791 281 1821 rum
301 1777 560 1831 exemplaria
589 1776 863 1830 epistolarum
882 1777 936 1816 ad
956 1776 1138 1816 concilia
1167 1775 1431 1826 Ephesinum
1452 1783 1492 1814 et
1512 1774 1647 1815 Chal-

187 1845 470 1886 'cedonensem
498 1842 781 1896 spectantium
801 1842 855 1882 de
874 1841 1030 1894 quibus
1049 1842 1102 1881 ad
1127 1849 1166 1880 te
1189 1842 1275 1892 jam
1297 1839 1461 1892 scripsi.
1495 1840 1645 1880 Statim

189 1924 240 1953 ac
268 1913 432 1964 primus
459 1917 598 1951 tomus
626 1909 845 1949 absolutus
873 1907 1010 1955 fuerit,
1033 1908 1137 1948 nihil
1167 1907 1282 1959 prius
1302 1907 1407 1947 mihi
1425 1906 1502 1947 erit
1521 1919 1646 1960 quam

187 1978 367 2018 utillum
385 1978 439 2018 ad
460 1983 500 2018 te
519 1979 701 2022 mittam,
720 1975 1094 2017 Excellentissime
1113 1974 1313 2021 Domine,
1331 1973 1376 2014 id
1397 1975 1509 2027 qnod
1524 1986 1650 2026 spero

188 2043 276 2085 fore
295 2043 423 2096 paulo
441 2051 539 2084 ante
558 2042 685 2083 finem
701 2043 802 2082 anni
821 2042 1053 2095 sequentis.

243 2109 291 2151 Si
301 2109 404 2163 quid
416 2109 469 2149 ad
482 2122 549 2148 me
560 2108 790 2149 rescribere
803 2107 988 2148 volueris
1002 2115 1045 2148 et
1060 2107 1273 2148 Dominus
1286 2106 1476 2147 Pellotus
1485 2106 1527 2147 in
1540 2106 1649 2146 His-

189 2176 318 2230 pania
331 2189 419 2216 non
433 2175 572 2220 fuerit,
591 2174 722 2215 literae
738 2181 780 2215 et
794 2174 986 2215 fasciculi
1002 2175 1062 2213 tui
1079 2174 1132 2214 ad
1150 2186 1216 2212 me
1230 2172 1423 2212 mittendi
1444 2172 1549 2212 tradi
1572 2186 1647 2224 po-

190 2247 331 2283 terunt
365 2240 738 2283 Excellentissimo
766 2239 1005 2281 Marchioni
1025 2241 1078 2280 de
1099 2240 1270 2285 Villars,
1296 2252 1420 2290 quern
1440 2240 1655 2279 Dominus

188 2307 416 2349 Colbertus
432 2307 595 2360 rogavit
611 2307 671 2347 uti
684 2321 708 2348 a
724 2312 765 2347 te
778 2306 988 2359 acciperet
1004 2306 1204 2359 quicquid
1220 2305 1302 2344 huc
1318 2306 1483 2344 mittere
1501 2305 1650 2344 velles.

246 2372 366 2422 Vale,
389 2373 452 2413 vir
471 2373 634 2427 optime
662 2372 908 2414 doctissime
928 2379 969 2413 et
989 2371 1362 2419 excellentissime,
1384 2379 1425 2411 et
1446 2384 1514 2410 me
1533 2383 1646 2411 sein-

150 2475 152 2479 ,
190 2453 266 2494 per
285 2439 347 2480 uti
365 2439 494 2493 cupio
512 2452 698 2493 rogoque
715 2454 812 2482 ama
830 2440 1060 2492 ingentium
1081 2439 1282 2478 virtutum
1314 2443 1478 2478 tuarum
1507 2437 1647 2477 adrni-

192 2512 389 2549 ratorem.

247 2572 432 2613 Lutetiae
451 2572 709 2614 Parisiorum
731 2585 773 2613 ιν
793 2573 890 2614 idus
910 2572 1043 2612 maias
1063 2571 1375 2612 MDCLXXX.

248 2704 472 2758 (Original.
494 2705 609 2746 Bibl.
634 2707 741 2746 Nae.
765 2705 820 2745 de
839 2704 1022 2751 Madrid,
1046 2707 1194 2756 Ea-93,
1215 2704 1286 2745 fol.
1315 2702 1648 2745 211.-—Minuta-

194 2771 311 2812 Bibl.
333 2773 440 2812 Nac.
464 2773 517 2812 de
537 2773 670 2821 Paris,
693 2773 856 2820 Baluze,
880 2785 902 2823 3
908 2782 975 2822 54,
995 2769 1068 2810 fol.
1095 2771 1208 2824 179.)

243 2915 295 2963 (ι)
345 2914 396 2951 El
421 2923 533 2951 tomo
558 2914 614 2950 111
638 2914 688 2950 de
715 2915 771 2950 las
796 2915 850 2952 M
854 2913 1080 2951 iscelcineas
1105 2913 1155 2950 de
1183 2913 1328 2951 Baluze
1351 2925 1392 2950 se
1413 2911 1574 2961 publico
1602 2922 1653 2947 en

197 2974 306 3012 Paris
323 2975 361 3011 el
379 2974 457 3011 ano
474 2974 523 3011 de
548 2974 655 3011 1680.
