1786 3198
1686 84 1691 93 a
1702 76 1738 103 ’βῆ
1744 75 1786 107 μιν)

1707 106 1714 113 ”
1735 101 1786 124 '‘stus-

1694 131 1786 180 *⁷5¹⁷

291 190 368 228 208
750 194 916 222 ARTURO
948 192 1171 222 FARINELLI

236 283 319 331 les,
358 275 731 331 investigaciones
765 273 836 319 (Ι).
867 274 1000 316 Otras
1029 273 1372 329 divagaciones,
1409 272 1628 317 fantasias
1660 286 1690 329 y

237 353 411 396 criticas
445 348 770 402 donjuanescas
799 361 945 390 como:
991 347 1082 389 Une
1115 347 1230 388 visite
1265 347 1289 388 ἁ
1320 346 1420 388 Don
1450 347 1594 404 Juan,
1634 346 1690 388 de

235 424 429 468 Maurice
453 423 612 464 Baroes
635 417 708 471 (2)3
733 421 835 463 Don
855 421 993 476 Jucm,
1017 419 1070 460 de
1095 418 1252 461 Rafael
1270 417 1444 462 Ginard
1460 419 1576 462 dela
1595 418 1689 461 Ro-

234 513 281 540 sa
306 496 371 548 (3);
396 497 463 537 La
479 495 546 550 fin
569 494 615 535 de
638 495 738 536 Dou
771 495 910 550 Jucm,
937 493 990 534 de
1014 492 1069 534 E.
1100 492 1291 547 Faguet3
1325 492 1494 535 Autour
1516 491 1564 535 de
1587 490 1688 535 Don
1741 482 1744 486 ’

232 572 370 627 Juan,
406 568 456 609 de
487 567 735 610 Guillemot
771 565 840 616 (4);
873 566 942 608 La
974 564 1215 607 conversim
1243 564 1291 607 de
1324 566 1424 608 Don
1457 566 1611 622 Juan‚-
1635 565 1688 608 de

233 644 289 687 G.
317 641 599 694 Deschamps
622 637 695 691 <5);
723 641 823 682 Don
845 639 970 695 Jucm
994 638 1188 690 Tenon'o,
1215 637 1269 680 de
1293 638 1338 695 J.
1376 639 1413 680 F
1415 651 1638 693 ranquesa
1660 652 1689 694 y

232 715 389 758 Gomis
414 710 482 764 (6)‚·
510 713 608 756 Don
629 714 776 769 Juans
800 711 1134 768 Auserstelmng,
1161 711 1214 753 de
1246 711 1309 753 H.
1347 710 1490 756 Welti
1520 708 1592 762 (7),
1629 724 1689 754 no

233 788 403 831 afiaden
427 788 473 829 ni
497 786 679 842 quieren
704 785 862 828 afiadir
885 785 1002 827 nada
1031 785 1073 826 al
1108 784 1441 826 conocimiento
1478 784 1531 827 de
1553 784 1599 827 la
1620 784 1689 827 le—

230 861 372 917 yenda
415 873 444 915 y
485 860 539 902 de
575 873 627 901 su
665 858 964 912 divulgacibn.
1005 857 1078 900 Un
1123 857 1279 900 critico
1322 857 1499 908 ilustre,
1546 856 1688 901 Erich

232 932 450 984 Schmidt,
478 933 518 973 al
542 931 743 986 publicar
766 930 876 972 hace
898 944 959 972 un
983 933 1069 972 afio
1091 930 1131 971 el
1155 934 1277 972 texto
1302 929 1372 972 del
1406 929 1565 972 drama
1601 942 1683 984 po-

230 1007 357 1060 pular
380 1007 478 1047 Don
499 1005 623 1061 Juan
646 1001 714 1055 (8),
742 1003 963 1059 prometi6
982 1017 1042 1046 un
1066 1003 1241 1046 estudio
1264 1003 1394 1046 sobre
1417 1004 1459 1046 la
1482 1002 1684 1046 filiacibn

229 1079 282 1121 de
304 1085 399 1122 esta
423 1078 549 1133 pieza
571 1078 745 1120 curiosa
762 1092 847 1120 con
881 1082 1002 1119 otros
1037 1077 1216 1120 dramas
1249 1078 1466 1132 anfilogos
1489 1077 1542 1120 de
1570 1076 1685 1119 Ale-

230 1152 398 1202 mania,
425 1150 598 1193 estudio
621 1163 706 1205 que
730 1150 911 1193 todavia
933 1163 992 1192 no
1026 1149 1084 1192 ha
1113 1149 1255 1192 salido
1280 1150 1307 1192 ἑ.
1339 1150 1431 1202 luz,
1471 1164 1579 1205 pero
1601 1163 1688 1206 que

230 1227 324 1268 serzi
337 1223 642 1279 preciosisimo
661 1223 730 1265 sin
749 1224 882 1274 duda,
903 1237 1034 1266 como
1053 1223 1159 1265 todo
1178 1223 1221 1265 lo
1239 1236 1323 1278 que
1343 1223 1437 1266 sale
1457 1223 1512 1267 de
1528 1223 1572 1267 la
1592 1223 1689 1279 plu·

229 1313 303 1342 ma
325 1298 378 1340 de
401 1302 479 1340 tan
502 1296 624 1339 sabio
649 1301 795 1356 autot.

290 1372 431 1413 Entre
453 1376 595 1425 tanto,
621 1376 779 1425 puesto
803 1383 890 1424 que
916 1370 1015 1412 Don
1037 1371 1163 1427 Juan
1178 1371 1275 1413 esta
1292 1385 1347 1413 en
1368 1371 1499 1426 boga,
1524 1384 1554 1426 y
1571 1384 1684 1426 poe-

230 1451 313 1496 tas,
333 1442 510 1486 criticos
526 1458 555 1499 y
572 1444 804 1486 escritores
822 1444 876 1486 de
894 1443 1022 1486 todas
1033 1444 1177 1486 clases
1193 1457 1223 1499 y
1238 1443 1291 1486 de
1305 1444 1436 1487 todas
1460 1443 1686 1499 capacida·

233 1517 309 1560 des
326 1531 407 1559 nos
425 1522 671 1572 prometen,
687 1530 796 1572 para
813 1517 853 1559 el
874 1515 1098 1572 porvenir‚
1122 1516 1432 1560 maravillosas
1449 1520 1473 1560 ἑ
1489 1515 1689 1560 infinitas

231 1590 436 1646 palabras
454 1589 580 1632 sobre
599 1589 640 1632 el
653 1589 920 1632 afortunado
934 1604 962 1645 y
978 1589 1153 1632 famoso
1170 1591 1406 1643 Burlador,
1424 1591 1690 1634 amenazim-

233 1664 371 1706 donos
393 1665 482 1706 at'm
506 1677 589 1706 con
614 1677 674 1706 un
698 1663 958 1706 sinnfimero
981 1663 1034 1706 de
1058 1663 1258 1706 estudios
1274 1677 1302 1719 y
1327 1663 1559 1716 articulos,
1588 1677 1688 1719 per-

282 1882 333 1930 (1)
387 1879 476 1918 Don
510 1881 628 1917 Juan
663 1879 840 1918 Tenorio
875 1880 1438 1930 Religibss-phantastisches
1474 1882 1617 1918 Dama
1651 1880 1691 1918 in

234 1943 330 1991 qwei
349 1942 643 1991 Abtheilungen
663 1954 736 1980 von
754 1943 847 1979 Don
867 1943 902 1979 J
904 1946 972 1980 ose
991 1942 1196 1981 Zorrilla.
1228 1943 1495 1980 Verdeutscht
1513 1944 1592 1980 und
1619 1936 1707 1980 mit*

235 2004 361 2041 einem
399 2004 585 2041 Vorwort
618 2003 714 2040 iiber
746 2004 814 2041 die
848 2004 939 2041 Don
973 2005 1008 2041 J
1011 2017 1091 2041 uan
1119 2005 1236 2053 Sage
1262 2003 1467 2042 versehen:
1494 2003 1690 2051 Dresden‚

235 2065 404 2113 Leipzig,
431 2066 533 2113 1898.

284 2127 334 2174 (2)
388 2126 567 2163 Incluida
586 2138 636 2163 en
654 2138 700 2163 su
721 2127 820 2163 libro
839 2131 883 2164 de
903 2126 1003 2175 viaje
1025 2128 1092 2164 Du
1111 2138 1232 2176 sang,
1253 2127 1304 2164 de
1325 2126 1369 2163 Ia
1387 2127 1550 2176 voluptd
1581 2134 1616 2163 et
1643 2127 1693 2164 de

237 2186 279 2222 la
301 2194 419 2223 mort:
439 2183 557 2233 Pa'rss,
584 2189 687 2236 1894.

285 2247 335 2297 (3)
388 2249 449 2284 En
468 2260 513 2284 su
533 2248 633 2284 libro
652 2249 914 2299 Hombresy
933 2261 1065 2288 cosas:
1086 2250 1254 2299 Madrid,
1280 2252 1385 2300 1896.

286 2309 343 2356 (4)
392 2309 632 2346 Entrambos
651 2310 840 2347 articulos
859 2311 906 2348 de
926 2311 960 2348 la
982 2313 1116 2349 Revue
1129 2311 1330 2361 politique
1348 2319 1384 2349 et
1405 2312 1626 2351 litte'raire.
1644 2312 1692 2350 El

238 2370 406 2417 primero
427 2371 488 2416 (28
508 2371 585 2406 mai
609 2371 714 2419 1896)
743 2383 817 2409 con
845 2372 1010 2410 ocasidn
1038 2373 1086 2409 de
1115 2372 1147 2408 la
1179 2374 1322 2410 novela
1351 2373 1399 2410 de
1427 2373 1478 2410 H.
1509 2372 1690 2422 Roujon,

235 2431 285 2467 M
290 2431 504 2468 iremona'e:
525 2433 644 2480 Paris,
672 2434 775 2481 1896.

287 2492 337 2540 (5)
389 2492 445 2529 Le
468 2492 628 2541 Temps,
650 2506 696 2542 29
717 2495 849 2531 Marzo
875 2495 977 2532 1866.

286 2552 334 2600 (ὅ)
388 2554 444 2588 En
468 2554 530 2589 La
550 2555 827 2601 Renaixensa,
851 2556 966 2592 diari
983 2557 1032 2593 de
1064 2556 1332 2606 Catalunya:
1353 2558 1584 2603 Barcelona,
1606 2559 1691 2595 No-

238 2612 421 2654 viembre,
450 2614 549 2660 1896.
573 2615 767 2651 Contiene
784 2627 883 2652 unas
901 2616 1146 2653 variaeiones
1161 2618 1275 2654 sobre
1296 2618 1331 2654 el
1346 2605 1450 2654 term}
1467 2619 1558 2655 Don
1574 2619 1693 2656 Juan

243 2670 417 2708 Tenorio
436 2685 476 2709 es
495 2675 716 2724 Espanya.
738 2676 862 2713 Ve'ase
883 2677 931 2713 H.
955 2677 1142 2714 Gabrielli
1164 2690 1213 2714 en
1237 2678 1271 2714 la
1291 2679 1424 2716 Revue
1438 2678 1691 2728 hispanique‚

239 2736 302 2777 IV,
328 2745 393 2780 109
409 2746 430 2780 y
451 2734 673 2781 siguiemes.

289 2793 341 2840 (7)
392 2793 473 2829 Die
491 2795 663 2839 Nation,
690 2798 793 2843 1897,
813 2798 927 2835 mim.
948 2810 984 2837 2.

288 2853 339 2902 (8)
395 2854 773 2904 Volkssclzauspiele
791 2870 865 2895 aus
887 2859 1020 2897 Tirol.
1042 2860 1134 2897 Don
1154 2861 1187 2897 J
1190 2873 1270 2897 uan
1290 2862 1370 2898 und
1394 2860 1544 2900 Faust.
1567 2863 1631 2899 En
1657 2863 1693 2900 el

241 2913 390 2951 Archiv
403 2915 445 2963 s.
467 2927 606 2953 neuere
626 2918 847 2965 Sprachen,
870 2921 1050 2967 XCVIII,
1071 2933 1136 2967 24¹
1161 2934 1184 2970 y
1205 2921 1431 2969 signientes.
