<?xml version="1.0" encoding="UTF-8"?>
<!DOCTYPE html PUBLIC "-//W3C//DTD XHTML 1.0 Transitional//EN"
    "http://www.w3.org/TR/xhtml1/DTD/xhtml1-transitional.dtd">
<html xmlns="http://www.w3.org/1999/xhtml" xml:lang="en" lang="en">
 <head>
  <title>
</title>
<meta http-equiv="Content-Type" content="text/html;charset=utf-8" />
  <meta name='ocr-system' content='tesseract 3.04.00' />
  <meta name='ocr-capabilities' content='ocr_page ocr_carea ocr_par ocr_line ocrx_word'/>
</head>
<body>
  <div class='ocr_page' id='page_1' title='image "./homenajemennde01menuoft/homenajemennde01menuoft_0063.png"; bbox 0 0 1846 3224; ppageno 0'>
   <div class='ocr_carea' id='block_1_1' title="bbox 0 2894 20 3224">
    <p class='ocr_par' dir='ltr' id='par_1_1' title="bbox 0 2894 25 3224">
     <span class='ocr_line' id='line_1_1' title="bbox 0 2894 20 3224; textangle 90"><span class='ocrx_word' id='word_1_1' title='bbox 0 2931 20 3224; x_wconf 49' lang='lat' dir='ltr'>W&#39;QW&#39;</span> <span class='ocrx_word' id='word_1_2' title='bbox 0 2894 11 2906; x_wconf 59' lang='lat' dir='ltr'>st</span> 
     </span>
    </p>
   </div>
   <div class='ocr_carea' id='block_1_2' title="bbox 507 213 1551 264">
    <p class='ocr_par' dir='ltr' id='par_1_2' title="bbox 507 213 1551 264">
     <span class='ocr_line' id='line_1_2' title="bbox 507 213 1551 264; baseline 0 -12"><span class='ocrx_word' id='word_1_3' title='bbox 507 223 669 252; x_wconf 60' lang='lat' dir='ltr'>cimus</span> <span class='ocrx_word' id='word_1_4' title='bbox 698 223 753 251; x_wconf 81' lang='lat' dir='ltr'>DE</span> <span class='ocrx_word' id='word_1_5' title='bbox 783 213 1008 260; x_wconf 69' lang='lat' dir='ltr'>uonm&#39;zJAR</span> <span class='ocrx_word' id='word_1_6' title='bbox 1036 224 1061 251; x_wconf 72' lang='lat' dir='ltr'>v</span> <span class='ocrx_word' id='word_1_7' title='bbox 1090 224 1250 252; x_wconf 61' lang='lat' dir='ltr'>nanum</span> <span class='ocrx_word' id='word_1_8' title='bbox 1501 225 1551 264; x_wconf 89' lang='lat'>19</span> 
     </span>
    </p>
   </div>
   <div class='ocr_carea' id='block_1_3' title="bbox 145 302 1620 1941">
    <p class='ocr_par' dir='ltr' id='par_1_3' title="bbox 145 302 1613 884">
     <span class='ocr_line' id='line_1_3' title="bbox 203 302 1602 356; baseline -0.001 -11"><span class='ocrx_word' id='word_1_9' title='bbox 203 302 331 345; x_wconf 88' lang='lat' dir='ltr'><strong>Mitto</strong></span> <span class='ocrx_word' id='word_1_10' title='bbox 342 302 397 344; x_wconf 88' lang='lat' dir='ltr'>ad</span> <span class='ocrx_word' id='word_1_11' title='bbox 413 308 469 351; x_wconf 86' lang='lat' dir='ltr'>te,</span> <span class='ocrx_word' id='word_1_12' title='bbox 486 302 563 343; x_wconf 87' lang='lat' dir='ltr'>Vir</span> <span class='ocrx_word' id='word_1_13' title='bbox 577 302 875 350; x_wconf 86' lang='lat' dir='ltr'>illustrissime,</span> <span class='ocrx_word' id='word_1_14' title='bbox 895 303 1110 355; x_wconf 81' lang='lat' dir='ltr'>exemplar</span> <span class='ocrx_word' id='word_1_15' title='bbox 1123 302 1314 356; x_wconf 86' lang='lat' dir='ltr'>epistolae</span> <span class='ocrx_word' id='word_1_16' title='bbox 1330 303 1533 356; x_wconf 86' lang='lat' dir='ltr'>Stephani</span> <span class='ocrx_word' id='word_1_17' title='bbox 1548 304 1602 352; x_wconf 92' lang='lat' dir='ltr'>V,</span> 
     </span>
     <span class='ocr_line' id='line_1_4' title="bbox 146 367 1603 422; baseline 0 -11"><span class='ocrx_word' id='word_1_18' title='bbox 146 369 389 422; x_wconf 80' lang='lat' dir='ltr'>cujusmodi</span> <span class='ocrx_word' id='word_1_19' title='bbox 419 368 624 422; x_wconf 87' lang='lat' dir='ltr'>reperitur</span> <span class='ocrx_word' id='word_1_20' title='bbox 644 368 686 408; x_wconf 90' lang='lat' dir='ltr'>in</span> <span class='ocrx_word' id='word_1_21' title='bbox 706 367 836 408; x_wconf 88' lang='lat' dir='ltr'>veteri</span> <span class='ocrx_word' id='word_1_22' title='bbox 862 367 1010 408; x_wconf 90' lang='lat' dir='ltr'>codiee</span> <span class='ocrx_word' id='word_1_23' title='bbox 1042 368 1280 409; x_wconf 89' lang='lat' dir='ltr'>monasterii</span> <span class='ocrx_word' id='word_1_24' title='bbox 1306 369 1603 421; x_wconf 82' lang='lat' dir='ltr'>caduniensis,</span> 
     </span>
     <span class='ocr_line' id='line_1_5' title="bbox 151 433 1607 489; baseline -0.001 -12"><span class='ocrx_word' id='word_1_25' title='bbox 151 435 356 478; x_wconf 81' lang='lat' dir='ltr'>missurus</span> <span class='ocrx_word' id='word_1_26' title='bbox 376 433 622 487; x_wconf 87' lang='lat' dir='ltr'><strong>propediem</strong></span> <span class='ocrx_word' id='word_1_27' title='bbox 639 441 737 474; x_wconf 80' lang='lat' dir='ltr'>&#39;cum</span> <span class='ocrx_word' id='word_1_28' title='bbox 753 433 872 474; x_wconf 91' lang='lat' dir='ltr'>libris</span> <span class='ocrx_word' id='word_1_29' title='bbox 887 433 991 474; x_wconf 91' lang='lat' dir='ltr'>meis</span> <span class='ocrx_word' id='word_1_30' title='bbox 1006 433 1083 473; x_wconf 82' lang='lat' dir='ltr'>tibi</span> <span class='ocrx_word' id='word_1_31' title='bbox 1098 434 1313 486; x_wconf 86' lang='lat' dir='ltr'>promissis</span> <span class='ocrx_word' id='word_1_32' title='bbox 1333 435 1513 488; x_wconf 85' lang='lat' dir='ltr'>primam</span> <span class='ocrx_word' id='word_1_33' title='bbox 1534 450 1607 489; x_wconf 91' lang='lat' dir='ltr'>pa—</span> 
     </span>
     <span class='ocr_line' id='line_1_6' title="bbox 146 500 1609 556; baseline 0 -14"><span class='ocrx_word' id='word_1_34' title='bbox 146 501 292 556; x_wconf 80' lang='lat' dir='ltr'>ginam</span> <span class='ocrx_word' id='word_1_35' title='bbox 313 501 408 542; x_wconf 85' lang='lat' dir='ltr'>libri</span> <span class='ocrx_word' id='word_1_36' title='bbox 428 502 491 540; x_wconf 72' lang='lat' dir='ltr'>De</span> <span class='ocrx_word' id='word_1_37' title='bbox 511 500 728 542; x_wconf 80' lang='lat' dir='ltr'>Concordia</span> <span class='ocrx_word' id='word_1_38' title='bbox 750 513 876 555; x_wconf 86' lang='lat' dir='ltr'>quam</span> <span class='ocrx_word' id='word_1_39' title='bbox 895 500 1133 552; x_wconf 88' lang='lat' dir='ltr'>postulasti.</span> <span class='ocrx_word' id='word_1_40' title='bbox 1164 500 1329 541; x_wconf 89' lang='lat' dir='ltr'>Mittam</span> <span class='ocrx_word' id='word_1_41' title='bbox 1351 501 1476 541; x_wconf 86' lang='lat' dir='ltr'>etiam</span> <span class='ocrx_word' id='word_1_42' title='bbox 1496 503 1609 543; x_wconf 79' lang='lat' dir='ltr'>His-</span> 
     </span>
     <span class='ocr_line' id='line_1_7' title="bbox 147 564 1608 622; baseline 0.002 -16"><span class='ocrx_word' id='word_1_43' title='bbox 147 567 294 606; x_wconf 61' lang='lat' dir='ltr'>soriam</span> <span class='ocrx_word' id='word_1_44' title='bbox 312 567 745 622; x_wconf 54' lang='lat' dir='ltr'>Procerum-Andreae</span> <span class='ocrx_word' id='word_1_45' title='bbox 767 564 1000 606; x_wconf 84' lang='lat' dir='ltr'>Duchesnii</span> <span class='ocrx_word' id='word_1_46' title='bbox 1021 579 1102 618; x_wconf 90' lang='lat' dir='ltr'>qua</span> <span class='ocrx_word' id='word_1_47' title='bbox 1122 573 1163 605; x_wconf 91' lang='lat' dir='ltr'>te</span> <span class='ocrx_word' id='word_1_48' title='bbox 1187 579 1307 618; x_wconf 87' lang='lat' dir='ltr'>egere</span> <span class='ocrx_word' id='word_1_49' title='bbox 1326 567 1514 608; x_wconf 85' lang='lat' dir='ltr'>intellexi</span> <span class='ocrx_word' id='word_1_50' title='bbox 1537 569 1570 614; x_wconf 85' lang='lat'>(1</span> <span class='ocrx_word' id='word_1_51' title='bbox 1578 569 1608 615; x_wconf 68' lang='lat' dir='ltr'>J.</span> 
     </span>
     <span class='ocr_line' id='line_1_8' title="bbox 145 631 1607 687; baseline 0 -12"><span class='ocrx_word' id='word_1_52' title='bbox 145 632 328 686; x_wconf 84' lang='lat' dir='ltr'>Oportet</span> <span class='ocrx_word' id='word_1_53' title='bbox 348 634 461 685; x_wconf 85' lang='lat' dir='ltr'>leges</span> <span class='ocrx_word' id='word_1_54' title='bbox 480 632 580 672; x_wconf 89' lang='lat' dir='ltr'>illas</span> <span class='ocrx_word' id='word_1_55' title='bbox 600 631 852 679; x_wconf 87' lang='lat' dir='ltr'>Subrarbiae,</span> <span class='ocrx_word' id='word_1_56' title='bbox 875 644 978 684; x_wconf 85' lang='lat' dir='ltr'>quas</span> <span class='ocrx_word' id='word_1_57' title='bbox 999 631 1308 674; x_wconf 85' lang='lat' dir='ltr'>illustrissimus</span> <span class='ocrx_word' id='word_1_58' title='bbox 1322 633 1607 687; x_wconf 87' lang='lat' dir='ltr'>archiepisco-</span> 
     </span>
     <span class='ocr_line' id='line_1_9' title="bbox 151 697 1608 753; baseline 0.001 -14"><span class='ocrx_word' id='word_1_59' title='bbox 151 711 234 752; x_wconf 84' lang='lat' dir='ltr'>pus</span> <span class='ocrx_word' id='word_1_60' title='bbox 262 699 414 739; x_wconf 87' lang='lat' dir='ltr'>Petrus</span> <span class='ocrx_word' id='word_1_61' title='bbox 443 698 497 738; x_wconf 90' lang='lat' dir='ltr'>de</span> <span class='ocrx_word' id='word_1_62' title='bbox 525 698 672 738; x_wconf 88' lang='lat' dir='ltr'>Marca</span> <span class='ocrx_word' id='word_1_63' title='bbox 698 697 859 737; x_wconf 87' lang='lat' dir='ltr'>viderat</span> <span class='ocrx_word' id='word_1_64' title='bbox 879 697 922 737; x_wconf 91' lang='lat' dir='ltr'>in</span> <span class='ocrx_word' id='word_1_65' title='bbox 942 697 1121 749; x_wconf 87' lang='lat' dir='ltr'>collegio</span> <span class='ocrx_word' id='word_1_66' title='bbox 1149 699 1395 747; x_wconf 88' lang='lat' dir='ltr'>Navarrico,</span> <span class='ocrx_word' id='word_1_67' title='bbox 1426 708 1608 753; x_wconf 88' lang='lat' dir='ltr'>oportet,</span> 
     </span>
     <span class='ocr_line' id='line_1_10' title="bbox 149 763 1613 820; baseline 0.001 -15"><span class='ocrx_word' id='word_1_68' title='bbox 149 763 341 819; x_wconf 79' lang='lat' dir='ltr'>inquam,</span> <span class='ocrx_word' id='word_1_69' title='bbox 363 765 476 816; x_wconf 83' lang='lat' dir='ltr'>leges</span> <span class='ocrx_word' id='word_1_70' title='bbox 497 763 592 804; x_wconf 90' lang='lat' dir='ltr'>illas</span> <span class='ocrx_word' id='word_1_71' title='bbox 611 763 741 804; x_wconf 87' lang='lat' dir='ltr'>fuisse</span> <span class='ocrx_word' id='word_1_72' title='bbox 761 763 804 803; x_wconf 92' lang='lat' dir='ltr'>in</span> <span class='ocrx_word' id='word_1_73' title='bbox 824 763 973 803; x_wconf 90' lang='lat' dir='ltr'>eodem</span> <span class='ocrx_word' id='word_1_74' title='bbox 994 763 1102 802; x_wconf 91' lang='lat' dir='ltr'>libro</span> <span class='ocrx_word' id='word_1_75' title='bbox 1131 763 1174 803; x_wconf 90' lang='lat' dir='ltr'>in</span> <span class='ocrx_word' id='word_1_76' title='bbox 1205 778 1289 817; x_wconf 91' lang='lat' dir='ltr'>quo</span> <span class='ocrx_word' id='word_1_77' title='bbox 1306 774 1511 818; x_wconf 84' lang='lat' dir='ltr'>repererat</span> <span class='ocrx_word' id='word_1_78' title='bbox 1529 767 1613 820; x_wconf 66' lang='lat' dir='ltr'>apl-</span> 
     </span>
     <span class='ocr_line' id='line_1_11' title="bbox 147 828 1610 884; baseline 0.002 -14"><span class='ocrx_word' id='word_1_79' title='bbox 147 831 376 884; x_wconf 82' lang='lat' dir='ltr'>pendicem</span> <span class='ocrx_word' id='word_1_80' title='bbox 396 829 594 870; x_wconf 90' lang='lat' dir='ltr'>Roderici</span> <span class='ocrx_word' id='word_1_81' title='bbox 615 829 823 870; x_wconf 88' lang='lat' dir='ltr'>Toletani.</span> <span class='ocrx_word' id='word_1_82' title='bbox 852 828 970 869; x_wconf 92' lang='lat' dir='ltr'>Nihil</span> <span class='ocrx_word' id='word_1_83' title='bbox 991 828 1101 869; x_wconf 89' lang='lat' dir='ltr'>enim</span> <span class='ocrx_word' id='word_1_84' title='bbox 1121 829 1209 870; x_wconf 89' lang='lat' dir='ltr'>illic</span> <span class='ocrx_word' id='word_1_85' title='bbox 1231 831 1317 870; x_wconf 88' lang='lat' dir='ltr'>vidi</span> <span class='ocrx_word' id='word_1_86' title='bbox 1338 831 1456 871; x_wconf 89' lang='lat' dir='ltr'>istius</span> <span class='ocrx_word' id='word_1_87' title='bbox 1478 833 1610 874; x_wconf 88' lang='lat' dir='ltr'>modi.</span> 
     </span>
    </p>

    <p class='ocr_par' dir='ltr' id='par_1_4' title="bbox 148 895 1617 1410">
     <span class='ocr_line' id='line_1_12' title="bbox 205 895 1614 948; baseline 0.001 -11"><span class='ocrx_word' id='word_1_88' title='bbox 205 896 385 938; x_wconf 69' lang='lat' dir='ltr'>Gaudeo</span> <span class='ocrx_word' id='word_1_89' title='bbox 403 895 645 948; x_wconf 87' lang='lat' dir='ltr'>pervenisse</span> <span class='ocrx_word' id='word_1_90' title='bbox 663 896 717 935; x_wconf 93' lang='lat' dir='ltr'>ad</span> <span class='ocrx_word' id='word_1_91' title='bbox 738 902 778 936; x_wconf 91' lang='lat' dir='ltr'>te</span> <span class='ocrx_word' id='word_1_92' title='bbox 793 895 946 935; x_wconf 84' lang='lat' dir='ltr'>librum</span> <span class='ocrx_word' id='word_1_93' title='bbox 961 895 1130 935; x_wconf 88' lang='lat' dir='ltr'>tertium</span> <span class='ocrx_word' id='word_1_94' title='bbox 1149 897 1195 934; x_wconf 88' lang='grc' dir='ltr'><em>Μ</em></span> <span class='ocrx_word' id='word_1_95' title='bbox 1199 896 1481 936; x_wconf 74' lang='lat' dir='ltr'>iscellaneorum</span> <span class='ocrx_word' id='word_1_96' title='bbox 1502 911 1614 939; x_wconf 87' lang='lat' dir='ltr'>meo·</span> 
     </span>
     <span class='ocr_line' id='line_1_13' title="bbox 151 961 1612 1016; baseline 0.001 -13"><span class='ocrx_word' id='word_1_97' title='bbox 151 976 245 1004; x_wconf 89' lang='lat' dir='ltr'>rum</span> <span class='ocrx_word' id='word_1_98' title='bbox 261 967 304 1003; x_wconf 89' lang='lat' dir='ltr'>et</span> <span class='ocrx_word' id='word_1_99' title='bbox 322 962 535 1016; x_wconf 87' lang='lat' dir='ltr'>placuisse</span> <span class='ocrx_word' id='word_1_100' title='bbox 555 961 630 1013; x_wconf 81' lang='lat' dir='ltr'>tibi</span> <span class='ocrx_word' id='word_1_101' title='bbox 652 962 780 1002; x_wconf 84' lang='lat' dir='ltr'>vitam</span> <span class='ocrx_word' id='word_1_102' title='bbox 809 961 987 1002; x_wconf 78' lang='lat' dir='ltr'>Burdini</span> <span class='ocrx_word' id='word_1_103' title='bbox 1014 976 1107 1014; x_wconf 84' lang='lat' dir='ltr'>qnae</span> <span class='ocrx_word' id='word_1_104' title='bbox 1132 961 1219 1002; x_wconf 90' lang='lat' dir='ltr'>illic</span> <span class='ocrx_word' id='word_1_105' title='bbox 1244 963 1358 1003; x_wconf 89' lang='lat' dir='ltr'>edita</span> <span class='ocrx_word' id='word_1_106' title='bbox 1383 970 1464 1004; x_wconf 85' lang='lat' dir='ltr'>est.</span> <span class='ocrx_word' id='word_1_107' title='bbox 1493 965 1612 1005; x_wconf 88' lang='lat' dir='ltr'>Con-</span> 
     </span>
     <span class='ocr_line' id='line_1_14' title="bbox 148 1027 1615 1083; baseline 0.001 -13"><span class='ocrx_word' id='word_1_108' title='bbox 148 1035 363 1070; x_wconf 77' lang='lat' dir='ltr'>tetraneus</span> <span class='ocrx_word' id='word_1_109' title='bbox 386 1028 460 1069; x_wconf 89' lang='lat' dir='ltr'>ille</span> <span class='ocrx_word' id='word_1_110' title='bbox 489 1041 607 1068; x_wconf 86' lang='lat' dir='ltr'>meus</span> <span class='ocrx_word' id='word_1_111' title='bbox 627 1027 718 1075; x_wconf 81' lang='lat' dir='ltr'>fuit,</span> <span class='ocrx_word' id='word_1_112' title='bbox 741 1028 957 1077; x_wconf 86' lang='lat' dir='ltr'>oriundus,</span> <span class='ocrx_word' id='word_1_113' title='bbox 977 1034 1023 1068; x_wconf 89' lang='lat' dir='ltr'>ut</span> <span class='ocrx_word' id='word_1_114' title='bbox 1044 1040 1120 1080; x_wconf 86' lang='lat' dir='ltr'>ego</span> <span class='ocrx_word' id='word_1_115' title='bbox 1140 1028 1310 1080; x_wconf 84' lang='lat' dir='ltr'>quidem</span> <span class='ocrx_word' id='word_1_116' title='bbox 1331 1031 1539 1083; x_wconf 90' lang='lat' dir='ltr'>suspicor,</span> <span class='ocrx_word' id='word_1_117' title='bbox 1561 1045 1615 1072; x_wconf 86' lang='lat' dir='ltr'>ex</span> 
     </span>
     <span class='ocr_line' id='line_1_15' title="bbox 149 1094 1617 1149; baseline 0.001 -13"><span class='ocrx_word' id='word_1_118' title='bbox 149 1094 314 1149; x_wconf 85' lang='lat' dir='ltr'>oppido</span> <span class='ocrx_word' id='word_1_119' title='bbox 341 1095 566 1135; x_wconf 87' lang='lat' dir='ltr'>Vsercensi</span> <span class='ocrx_word' id='word_1_120' title='bbox 589 1099 637 1142; x_wconf 72' lang='lat'>(2)</span> <span class='ocrx_word' id='word_1_121' title='bbox 660 1094 846 1148; x_wconf 89' lang='lat' dir='ltr'>quinque</span> <span class='ocrx_word' id='word_1_122' title='bbox 876 1095 1089 1135; x_wconf 88' lang='lat' dir='ltr'>leucarum</span> <span class='ocrx_word' id='word_1_123' title='bbox 1110 1095 1247 1146; x_wconf 88' lang='lat' dir='ltr'>spatio</span> <span class='ocrx_word' id='word_1_124' title='bbox 1265 1109 1291 1135; x_wconf 90' lang='lat' dir='ltr'>a</span> <span class='ocrx_word' id='word_1_125' title='bbox 1311 1095 1463 1137; x_wconf 88' lang='lat' dir='ltr'>Tutela</span> <span class='ocrx_word' id='word_1_126' title='bbox 1482 1097 1617 1148; x_wconf 91' lang='lat' dir='ltr'>patria</span> 
     </span>
     <span class='ocr_line' id='line_1_16' title="bbox 151 1160 1614 1214; baseline 0 -12"><span class='ocrx_word' id='word_1_127' title='bbox 151 1173 260 1203; x_wconf 64' lang='lat' dir='ltr'>mm.</span> <span class='ocrx_word' id='word_1_128' title='bbox 283 1161 477 1214; x_wconf 90' lang='lat' dir='ltr'>Cumque</span> <span class='ocrx_word' id='word_1_129' title='bbox 494 1160 681 1201; x_wconf 87' lang='lat' dir='ltr'>viderem</span> <span class='ocrx_word' id='word_1_130' title='bbox 701 1173 798 1201; x_wconf 90' lang='lat' dir='ltr'>eum</span> <span class='ocrx_word' id='word_1_131' title='bbox 813 1160 995 1214; x_wconf 86' lang='lat' dir='ltr'>pessime</span> <span class='ocrx_word' id='word_1_132' title='bbox 1015 1160 1179 1200; x_wconf 85' lang='lat' dir='ltr'>tractari</span> <span class='ocrx_word' id='word_1_133' title='bbox 1200 1175 1223 1200; x_wconf 88' lang='lat' dir='ltr'>a</span> <span class='ocrx_word' id='word_1_134' title='bbox 1244 1161 1370 1213; x_wconf 87' lang='lat' dir='ltr'>vulgo</span> <span class='ocrx_word' id='word_1_135' title='bbox 1387 1161 1614 1203; x_wconf 87' lang='lat' dir='ltr'>historico-</span> 
     </span>
     <span class='ocr_line' id='line_1_17' title="bbox 148 1226 1614 1281; baseline 0 -12"><span class='ocrx_word' id='word_1_136' title='bbox 148 1240 258 1277; x_wconf 73' lang='lat' dir='ltr'>rum,</span> <span class='ocrx_word' id='word_1_137' title='bbox 277 1228 439 1281; x_wconf 73' lang='lat' dir='ltr'>Jamdiu</span> <span class='ocrx_word' id='word_1_138' title='bbox 459 1241 509 1267; x_wconf 87' lang='lat' dir='ltr'>ea</span> <span class='ocrx_word' id='word_1_139' title='bbox 531 1241 596 1267; x_wconf 89' lang='lat' dir='ltr'>me</span> <span class='ocrx_word' id='word_1_140' title='bbox 621 1240 721 1268; x_wconf 87' lang='lat' dir='ltr'>cura</span> <span class='ocrx_word' id='word_1_141' title='bbox 751 1227 960 1280; x_wconf 91' lang='lat' dir='ltr'>coquebat</span> <span class='ocrx_word' id='word_1_142' title='bbox 991 1233 1037 1267; x_wconf 89' lang='lat' dir='ltr'>ut</span> <span class='ocrx_word' id='word_1_143' title='bbox 1057 1226 1148 1277; x_wconf 78' lang='lat' dir='ltr'>ejus</span> <span class='ocrx_word' id='word_1_144' title='bbox 1177 1227 1329 1267; x_wconf 88' lang='lat' dir='ltr'>famam</span> <span class='ocrx_word' id='word_1_145' title='bbox 1357 1228 1614 1270; x_wconf 79' lang='lat' dir='ltr'>vindicarem</span> 
     </span>
     <span class='ocr_line' id='line_1_18' title="bbox 151 1293 1615 1339; baseline 0.001 -4"><span class='ocrx_word' id='word_1_146' title='bbox 151 1294 354 1335; x_wconf 84' lang='lat' dir='ltr'>adversus</span> <span class='ocrx_word' id='word_1_147' title='bbox 386 1293 703 1339; x_wconf 86' lang='lat' dir='ltr'>obtrectatores,</span> <span class='ocrx_word' id='word_1_148' title='bbox 735 1293 839 1334; x_wconf 87' lang='lat' dir='ltr'>nihil</span> <span class='ocrx_word' id='word_1_149' title='bbox 870 1299 942 1334; x_wconf 91' lang='lat' dir='ltr'>aut</span> <span class='ocrx_word' id='word_1_150' title='bbox 974 1293 1198 1333; x_wconf 86' lang='lat' dir='ltr'>minimum</span> <span class='ocrx_word' id='word_1_151' title='bbox 1227 1294 1415 1335; x_wconf 89' lang='lat' dir='ltr'>tribuens</span> <span class='ocrx_word' id='word_1_152' title='bbox 1447 1295 1615 1336; x_wconf 84' lang='lat' dir='ltr'>affectui</span> 
     </span>
     <span class='ocr_line' id='line_1_19' title="bbox 150 1359 1434 1410; baseline -0.008 -8"><span class='ocrx_word' id='word_1_153' title='bbox 150 1372 262 1408; x_wconf 81' lang='lat' dir='ltr'>mee,</span> <span class='ocrx_word' id='word_1_154' title='bbox 284 1361 358 1401; x_wconf 89' lang='lat' dir='ltr'>sed</span> <span class='ocrx_word' id='word_1_155' title='bbox 382 1359 565 1400; x_wconf 87' lang='lat' dir='ltr'>veritati.</span> <span class='ocrx_word' id='word_1_156' title='bbox 1425 1403 1434 1410; x_wconf 35' lang='lat'><strong>⁴</strong></span> 
     </span>
    </p>

    <p class='ocr_par' dir='ltr' id='par_1_5' title="bbox 147 1425 1620 1941">
     <span class='ocr_line' id='line_1_20' title="bbox 204 1425 1619 1479; baseline -0.001 -10"><span class='ocrx_word' id='word_1_157' title='bbox 204 1428 399 1469; x_wconf 89' lang='lat' dir='ltr'>Domnus</span> <span class='ocrx_word' id='word_1_158' title='bbox 420 1427 561 1466; x_wconf 90' lang='lat' dir='ltr'>Lucas</span> <span class='ocrx_word' id='word_1_159' title='bbox 582 1425 820 1466; x_wconf 89' lang='lat' dir='ltr'>Dacherius</span> <span class='ocrx_word' id='word_1_160' title='bbox 839 1425 1004 1466; x_wconf 90' lang='lat' dir='ltr'>amicus</span> <span class='ocrx_word' id='word_1_161' title='bbox 1025 1439 1145 1466; x_wconf 91' lang='lat' dir='ltr'>meus</span> <span class='ocrx_word' id='word_1_162' title='bbox 1174 1434 1213 1466; x_wconf 90' lang='lat' dir='ltr'>et</span> <span class='ocrx_word' id='word_1_163' title='bbox 1242 1426 1430 1466; x_wconf 89' lang='lat' dir='ltr'>omnium</span> <span class='ocrx_word' id='word_1_164' title='bbox 1449 1426 1522 1479; x_wconf 91' lang='lat' dir='ltr'>qui</span> <span class='ocrx_word' id='word_1_165' title='bbox 1542 1426 1619 1467; x_wconf 92' lang='lat' dir='ltr'>bo-</span> 
     </span>
     <span class='ocr_line' id='line_1_21' title="bbox 150 1491 1619 1546; baseline 0 -13"><span class='ocrx_word' id='word_1_166' title='bbox 150 1505 230 1534; x_wconf 80' lang='lat' dir='ltr'>nas</span> <span class='ocrx_word' id='word_1_167' title='bbox 248 1492 388 1533; x_wconf 88' lang='lat' dir='ltr'>literas</span> <span class='ocrx_word' id='word_1_168' title='bbox 409 1499 566 1541; x_wconf 84' lang='lat' dir='ltr'>amant,</span> <span class='ocrx_word' id='word_1_169' title='bbox 590 1505 715 1546; x_wconf 89' lang='lat' dir='ltr'>quem</span> <span class='ocrx_word' id='word_1_170' title='bbox 741 1499 787 1532; x_wconf 90' lang='lat' dir='ltr'>tu</span> <span class='ocrx_word' id='word_1_171' title='bbox 817 1491 976 1532; x_wconf 89' lang='lat' dir='ltr'>rebaris</span> <span class='ocrx_word' id='word_1_172' title='bbox 995 1505 1089 1532; x_wconf 86' lang='lat' dir='ltr'>esse</span> <span class='ocrx_word' id='word_1_173' title='bbox 1107 1499 1332 1537; x_wconf 90' lang='lat' dir='ltr'>mortuum,</span> <span class='ocrx_word' id='word_1_174' title='bbox 1354 1492 1491 1532; x_wconf 85' lang='lat' dir='ltr'>adhuc</span> <span class='ocrx_word' id='word_1_175' title='bbox 1510 1492 1619 1533; x_wconf 88' lang='lat' dir='ltr'>vivit</span> 
     </span>
     <span class='ocr_line' id='line_1_22' title="bbox 149 1558 1618 1611; baseline -0.001 -11"><span class='ocrx_word' id='word_1_176' title='bbox 149 1564 196 1600; x_wconf 79' lang='lat' dir='ltr'>et</span> <span class='ocrx_word' id='word_1_177' title='bbox 227 1558 329 1600; x_wconf 80' lang='lat' dir='ltr'>satis</span> <span class='ocrx_word' id='word_1_178' title='bbox 360 1571 568 1611; x_wconf 78' lang='lat' dir='ltr'>prospera</span> <span class='ocrx_word' id='word_1_179' title='bbox 591 1558 837 1598; x_wconf 87' lang='lat' dir='ltr'>valetudine</span> <span class='ocrx_word' id='word_1_180' title='bbox 870 1558 1015 1598; x_wconf 88' lang='lat' dir='ltr'>utitur.</span> <span class='ocrx_word' id='word_1_181' title='bbox 1053 1558 1152 1598; x_wconf 90' lang='lat' dir='ltr'>Misi</span> <span class='ocrx_word' id='word_1_182' title='bbox 1184 1558 1237 1598; x_wconf 88' lang='lat' dir='ltr'>ad</span> <span class='ocrx_word' id='word_1_183' title='bbox 1267 1572 1362 1598; x_wconf 92' lang='lat' dir='ltr'>eum</span> <span class='ocrx_word' id='word_1_184' title='bbox 1393 1559 1618 1611; x_wconf 88' lang='lat' dir='ltr'>epistolam</span> 
     </span>
     <span class='ocr_line' id='line_1_23' title="bbox 152 1623 1619 1678; baseline 0 -14"><span class='ocrx_word' id='word_1_185' title='bbox 152 1625 209 1668; x_wconf 89' lang='lat' dir='ltr'>R.</span> <span class='ocrx_word' id='word_1_186' title='bbox 230 1626 281 1666; x_wconf 87' lang='lat' dir='ltr'>P.</span> <span class='ocrx_word' id='word_1_187' title='bbox 302 1623 473 1678; x_wconf 90' lang='lat' dir='ltr'>Josephi</span> <span class='ocrx_word' id='word_1_188' title='bbox 504 1624 557 1665; x_wconf 89' lang='lat' dir='ltr'>de</span> <span class='ocrx_word' id='word_1_189' title='bbox 587 1624 766 1676; x_wconf 88' lang='lat' dir='ltr'>Aguirre</span> <span class='ocrx_word' id='word_1_190' title='bbox 792 1623 958 1664; x_wconf 88' lang='lat' dir='ltr'>abbatis</span> <span class='ocrx_word' id='word_1_191' title='bbox 987 1625 1122 1664; x_wconf 88' lang='lat' dir='ltr'>sancti</span> <span class='ocrx_word' id='word_1_192' title='bbox 1150 1626 1184 1664; x_wconf 87' lang='lat' dir='ltr'>V</span> <span class='ocrx_word' id='word_1_193' title='bbox 1191 1624 1361 1664; x_wconf 89' lang='lat' dir='ltr'>incentii</span> <span class='ocrx_word' id='word_1_194' title='bbox 1390 1624 1619 1666; x_wconf 88' lang='lat' dir='ltr'>Salmanti-</span> 
     </span>
     <span class='ocr_line' id='line_1_24' title="bbox 147 1689 1620 1743; baseline 0.001 -11"><span class='ocrx_word' id='word_1_195' title='bbox 147 1689 305 1733; x_wconf 83' lang='lat' dir='ltr'>censis.</span> <span class='ocrx_word' id='word_1_196' title='bbox 327 1690 558 1743; x_wconf 88' lang='lat' dir='ltr'>Postquam</span> <span class='ocrx_word' id='word_1_197' title='bbox 577 1690 651 1731; x_wconf 90' lang='lat' dir='ltr'>ille</span> <span class='ocrx_word' id='word_1_198' title='bbox 670 1702 900 1741; x_wconf 87' lang='lat' dir='ltr'>reponsum</span> <span class='ocrx_word' id='word_1_199' title='bbox 921 1689 1026 1730; x_wconf 90' lang='lat' dir='ltr'>mihi</span> <span class='ocrx_word' id='word_1_200' title='bbox 1048 1704 1169 1730; x_wconf 91' lang='lat' dir='ltr'>suum</span> <span class='ocrx_word' id='word_1_201' title='bbox 1189 1691 1367 1739; x_wconf 89' lang='lat' dir='ltr'>dederit,</span> <span class='ocrx_word' id='word_1_202' title='bbox 1387 1705 1472 1731; x_wconf 92' lang='lat' dir='ltr'>non</span> <span class='ocrx_word' id='word_1_203' title='bbox 1491 1692 1620 1733; x_wconf 89' lang='lat' dir='ltr'>deero</span> 
     </span>
     <span class='ocr_line' id='line_1_25' title="bbox 149 1755 1615 1805; baseline 0.001 -6"><span class='ocrx_word' id='word_1_204' title='bbox 149 1770 246 1799; x_wconf 78' lang='lat' dir='ltr'>meo</span> <span class='ocrx_word' id='word_1_205' title='bbox 274 1756 429 1805; x_wconf 84' lang='lat' dir='ltr'>officio,</span> <span class='ocrx_word' id='word_1_206' title='bbox 460 1762 502 1798; x_wconf 92' lang='lat' dir='ltr'>et</span> <span class='ocrx_word' id='word_1_207' title='bbox 530 1755 671 1797; x_wconf 88' lang='lat' dir='ltr'>statim</span> <span class='ocrx_word' id='word_1_208' title='bbox 700 1757 754 1797; x_wconf 90' lang='lat' dir='ltr'>ad</span> <span class='ocrx_word' id='word_1_209' title='bbox 785 1763 841 1804; x_wconf 88' lang='lat' dir='ltr'>te,</span> <span class='ocrx_word' id='word_1_210' title='bbox 874 1756 950 1797; x_wconf 93' lang='lat' dir='ltr'>Vir</span> <span class='ocrx_word' id='word_1_211' title='bbox 980 1757 1363 1805; x_wconf 87' lang='lat' dir='ltr'>Excellentissime‚</span> <span class='ocrx_word' id='word_1_212' title='bbox 1392 1758 1615 1801; x_wconf 88' lang='lat' dir='ltr'>remittam.</span> 
     </span>
     <span class='ocr_line' id='line_1_26' title="bbox 147 1821 1616 1877; baseline 0.001 -13"><span class='ocrx_word' id='word_1_213' title='bbox 147 1822 324 1864; x_wconf 88' lang='lat' dir='ltr'>Interim</span> <span class='ocrx_word' id='word_1_214' title='bbox 342 1823 451 1870; x_wconf 86' lang='lat' dir='ltr'>vale,</span> <span class='ocrx_word' id='word_1_215' title='bbox 473 1830 515 1863; x_wconf 92' lang='lat' dir='ltr'>et</span> <span class='ocrx_word' id='word_1_216' title='bbox 535 1835 602 1862; x_wconf 90' lang='lat' dir='ltr'>me</span> <span class='ocrx_word' id='word_1_217' title='bbox 623 1835 789 1875; x_wconf 88' lang='lat' dir='ltr'>semper</span> <span class='ocrx_word' id='word_1_218' title='bbox 813 1836 905 1863; x_wconf 89' lang='lat' dir='ltr'>ama</span> <span class='ocrx_word' id='word_1_219' title='bbox 924 1821 985 1863; x_wconf 88' lang='lat' dir='ltr'>tui</span> <span class='ocrx_word' id='word_1_220' title='bbox 1005 1822 1189 1863; x_wconf 76' lang='lat' dir='ltr'>nominis</span> <span class='ocrx_word' id='word_1_221' title='bbox 1209 1830 1374 1877; x_wconf 84' lang='lat' dir='ltr'>tuaeque</span> <span class='ocrx_word' id='word_1_222' title='bbox 1394 1825 1514 1865; x_wconf 85' lang='lat' dir='ltr'>famae</span> <span class='ocrx_word' id='word_1_223' title='bbox 1533 1831 1616 1866; x_wconf 82' lang='lat' dir='ltr'>stu-</span> 
     </span>
     <span class='ocr_line' id='line_1_27' title="bbox 147 1885 1610 1941; baseline 0.003 -13"><span class='ocrx_word' id='word_1_224' title='bbox 147 1886 451 1930; x_wconf 83' lang='lat' dir='ltr'>diosissimum.</span> <span class='ocrx_word' id='word_1_225' title='bbox 474 1889 654 1928; x_wconf 86' lang='lat' dir='ltr'>Lutetiae</span> <span class='ocrx_word' id='word_1_226' title='bbox 676 1889 933 1929; x_wconf 89' lang='lat' dir='ltr'>Parisiorum</span> <span class='ocrx_word' id='word_1_227' title='bbox 962 1903 1006 1930; x_wconf 79' lang='lat' dir='ltr'>ix</span> <span class='ocrx_word' id='word_1_228' title='bbox 1031 1890 1116 1929; x_wconf 89' lang='lat' dir='ltr'>kal.</span> <span class='ocrx_word' id='word_1_229' title='bbox 1141 1890 1267 1941; x_wconf 79' lang='lat' dir='ltr'>julias</span> <span class='ocrx_word' id='word_1_230' title='bbox 1293 1885 1610 1934; x_wconf 87' lang='lat' dir='ltr'>MDCLXXX.</span> 
     </span>
    </p>
   </div>
   <div class='ocr_carea' id='block_1_4' title="bbox 152 2020 1614 2142">
    <p class='ocr_par' dir='ltr' id='par_1_6' title="bbox 152 2020 1614 2142">
     <span class='ocr_line' id='line_1_28' title="bbox 205 2020 1614 2076; baseline 0.002 -14"><span class='ocrx_word' id='word_1_231' title='bbox 205 2020 428 2074; x_wconf 86' lang='lat' dir='ltr'>(Original.</span> <span class='ocrx_word' id='word_1_232' title='bbox 451 2021 568 2062; x_wconf 90' lang='lat' dir='ltr'>Bibl.</span> <span class='ocrx_word' id='word_1_233' title='bbox 590 2022 698 2062; x_wconf 85' lang='lat' dir='ltr'>Nae.</span> <span class='ocrx_word' id='word_1_234' title='bbox 722 2022 776 2062; x_wconf 92' lang='lat' dir='ltr'>de</span> <span class='ocrx_word' id='word_1_235' title='bbox 797 2022 983 2073; x_wconf 89' lang='lat' dir='ltr'>Madrid,</span> <span class='ocrx_word' id='word_1_236' title='bbox 1006 2023 1160 2074; x_wconf 75' lang='lat' dir='ltr'>Ee-93,</span> <span class='ocrx_word' id='word_1_237' title='bbox 1184 2023 1257 2062; x_wconf 90' lang='lat' dir='ltr'>fol.</span> <span class='ocrx_word' id='word_1_238' title='bbox 1282 2025 1614 2076; x_wconf 83' lang='lat' dir='ltr'>213.—Minuta.</span> 
     </span>
     <span class='ocr_line' id='line_1_29' title="bbox 152 2087 1180 2142; baseline 0.003 -14"><span class='ocrx_word' id='word_1_239' title='bbox 152 2087 266 2129; x_wconf 87' lang='lat' dir='ltr'>Bibl.</span> <span class='ocrx_word' id='word_1_240' title='bbox 292 2089 400 2130; x_wconf 89' lang='lat' dir='ltr'>Nae.</span> <span class='ocrx_word' id='word_1_241' title='bbox 423 2088 477 2128; x_wconf 89' lang='lat' dir='ltr'>de</span> <span class='ocrx_word' id='word_1_242' title='bbox 495 2089 631 2135; x_wconf 74' lang='lat' dir='ltr'>Paris,</span> <span class='ocrx_word' id='word_1_243' title='bbox 654 2089 822 2139; x_wconf 64' lang='lat' dir='ltr'>Balita,</span> <span class='ocrx_word' id='word_1_244' title='bbox 847 2101 946 2142; x_wconf 85' lang='lat'>354,</span> <span class='ocrx_word' id='word_1_245' title='bbox 968 2089 1043 2132; x_wconf 85' lang='lat' dir='ltr'>fol.</span> <span class='ocrx_word' id='word_1_246' title='bbox 1071 2090 1180 2141; x_wconf 79' lang='lat'>184.)</span> 
     </span>
    </p>
   </div>
   <div class='ocr_carea' id='block_1_5' title="bbox 147 2237 1617 2411">
    <p class='ocr_par' dir='ltr' id='par_1_7' title="bbox 147 2237 1617 2411">
     <span class='ocr_line' id='line_1_30' title="bbox 203 2237 1617 2290; baseline 0.002 -13"><span class='ocrx_word' id='word_1_247' title='bbox 203 2237 255 2286; x_wconf 79' lang='grc' dir='ltr'>(ι)</span> <span class='ocrx_word' id='word_1_248' title='bbox 307 2238 444 2276; x_wconf 73' lang='lat' dir='ltr'>Andre</span> <span class='ocrx_word' id='word_1_249' title='bbox 463 2239 688 2285; x_wconf 89' lang='lat' dir='ltr'>Duchesne‚</span> <span class='ocrx_word' id='word_1_250' title='bbox 706 2239 899 2277; x_wconf 85' lang='lat' dir='ltr'>Histoire</span> <span class='ocrx_word' id='word_1_251' title='bbox 914 2239 1217 2290; x_wconf 82' lang='lat' dir='ltr'>ge&#39;nealogique</span> <span class='ocrx_word' id='word_1_252' title='bbox 1243 2241 1293 2277; x_wconf 83' lang='lat' dir='ltr'>de</span> <span class='ocrx_word' id='word_1_253' title='bbox 1319 2241 1364 2278; x_wconf 86' lang='lat' dir='ltr'>la</span> <span class='ocrx_word' id='word_1_254' title='bbox 1391 2243 1548 2280; x_wconf 87' lang='lat' dir='ltr'>maison</span> <span class='ocrx_word' id='word_1_255' title='bbox 1566 2245 1617 2280; x_wconf 87' lang='lat' dir='ltr'>de</span> 
     </span>
     <span class='ocr_line' id='line_1_31' title="bbox 147 2283 721 2346; baseline 0.002 -11"><span class='ocrx_word' id='word_1_256' title='bbox 147 2283 317 2336; x_wconf 67' lang='lat' dir='ltr'>‘Dr-eux.-</span> <span class='ocrx_word' id='word_1_257' title='bbox 336 2299 459 2346; x_wconf 74' lang='lat' dir='ltr'>l‘ariS,</span> <span class='ocrx_word' id='word_1_258' title='bbox 484 2303 588 2346; x_wconf 82' lang='lat'>1631,</span> <span class='ocrx_word' id='word_1_259' title='bbox 609 2299 721 2336; x_wconf 89' lang='lat' dir='ltr'>folio.</span> 
     </span>
     <span class='ocr_line' id='line_1_32' title="bbox 203 2359 1612 2411; baseline 0.005 -16"><span class='ocrx_word' id='word_1_260' title='bbox 203 2361 255 2406; x_wconf 85' lang='lat'>(2)</span> <span class='ocrx_word' id='word_1_261' title='bbox 307 2359 479 2396; x_wconf 87' lang='lat' dir='ltr'>Uzerche</span> <span class='ocrx_word' id='word_1_262' title='bbox 507 2359 861 2408; x_wconf 84' lang='lat' dir='ltr'>(arrondissement</span> <span class='ocrx_word' id='word_1_263' title='bbox 877 2362 926 2398; x_wconf 91' lang='lat' dir='ltr'>de</span> <span class='ocrx_word' id='word_1_264' title='bbox 953 2362 1088 2407; x_wconf 83' lang='lat' dir='ltr'>Tulle,</span> <span class='ocrx_word' id='word_1_265' title='bbox 1109 2361 1261 2409; x_wconf 69' lang='lat' dir='ltr'>depart.</span> <span class='ocrx_word' id='word_1_266' title='bbox 1281 2362 1329 2399; x_wconf 92' lang='lat' dir='ltr'>de</span> <span class='ocrx_word' id='word_1_267' title='bbox 1349 2362 1387 2399; x_wconf 90' lang='lat' dir='ltr'>la</span> <span class='ocrx_word' id='word_1_268' title='bbox 1404 2364 1612 2411; x_wconf 80' lang='lat' dir='ltr'>Corr&#39;eze).</span> 
     </span>
    </p>
   </div>
  </div>
 </body>
</html>
