1786 3198
636 223 787 252 cmws
816 225 1051 252 samantnffi
1474 215 1526 264 65

121 313 353 354 monscs,
378 302 464 346 Dei
476 302 639 360 gratia,
655 303 752 345 Rex
766 301 959 346 Castellae
974 308 1012 345 et
1034 304 1251 361 Legionis,
1274 303 1455 347 Filium
1480 305 1579 348 Do-

122 373 233 420 mim‘
254 371 519 419 Sexwmbf
544 373 645 429 (sic)
679 374 829 430 Regis,
851 379 888 416 et
916 374 1114 418 Dominae
1151 375 1368 419 Beatricis
1405 377 1582 433 reginae.

121 447 297 492 Numen
310 451 439 490 'suum
460 446 604 490 volunt
625 451 834 504 perpetuae
852 448 1146 490 commandare
1170 449 1396 493 memoriae.

183 519 356 564 Nouae
375 519 509 564 desde
530 526 654 564 estas
678 520 898 576 primeras
925 520 1067 563 lineas
1088 522 1141 564 de
1166 523 1208 564 la
1232 522 1378 566 Clavis
1399 522 1585 579 Sapien-

125 593 194 637 tia
223 593 269 637 la
290 592 553 648 ignoraneia
575 594 631 636 de
654 607 709 636 su
730 598 864 635 autor
886 606 939 635 en
973 594 1015 635 10
1045 598 1227 636 tocante
1249 595 1277 637 ἐι
1299 595 1342 638 la
1374 596 1580 638 cronolo-

125 665 203 722 gia
221 666 278 709 de
298 671 508 710 nuestros
526 666 691 722 Reyes,
709 681 738 722 y
760 679 810 708 es
833 679 989 720 mayor
1012 667 1099 708 at'm
1125 668 1166 709 al
1189 667 1312 709 darle
1335 668 1378 710 al
1401 681 1486 723 que
1508 682 1586 710 su·

126 726 243 796 pone
262 744 396 782 autor
417 739 471 782 de
501 744 597 781 este
621 738 801 781 tratado
825 752 914 780 una
938 739 1201 794 paternidad
1226 754 1310 795 que
1332 742 1376 783 la
1399 740 1587 784 historia

125 810 390 864 desconoce,
414 812 443 854 ά
458 824 522 854 no
541 810 725 854 admitir
743 824 828 866 que
851 825 931 866 por
954 825 1079 853 error
1100 811 1153 853 de
1167 812 1389 868 imprenta
1405 827 1453 856 se
1476 828 1590 869 puso

126 883 343 928 Servandi
361 898 417 927 en
442 898 522 927 vez
538 884 593 927 de
615 884 659 927 F
659 883 856 926 ernaudi.
1091 925 1097 930 ,

187 957 262 1001 De
282 957 413 1001 todos
436 957 609 1008 modos,
636 958 682 1000 la
707 956 898 1001 materia
919 957 974 1000 de
998 958 1040 1000 la
1058 958 1186 1001 Clave
1209 958 1256 1001 de
1280 957 1322 1000 la
1354 958 1589 1001 Sabidurz'a

125 1031 225 1074 etth.
243 1029 507 1074 distribuida
542 1044 598 1072 en
636 1036 728 1073 tres
766 1030 1007 1085 capitulos,
1042 1029 1197 1073 siendo
1232 1032 1270 1073 el
1296 1031 1492 1086 epigrafe
1515 1032 1585 1074 del

126 1102 338 1160 primero:
356 1103 423 1146 De
442 1103 693 1160 expositione
714 1102 1033 1147 Elementorum
1053 1103 1329 1159 superiorum
1346 1109 1383 1147 et
1405 1103 1589 1159 inferio·

127 1189 226 1220 rum
243 1179 284 1220 et
308 1177 436 1220 etiam
454 1181 707 1219 naturarum
734 1176 963 1232 (equalium
993 1183 1030 1219 et
1057 1177 1327 1233 inaequalium
1358 1181 1398 1220 et
1421 1192 1590 1222 conver-

127 1249 240 1293 sione
254 1249 313 1292 ad
331 1250 510 1292 invicem
535 1263 683 1292 earum
706 1254 743 1291 et
765 1249 1072 1293 Generationis.

187 1321 262 1364 No
281 1319 394 1364 salta
415 1321 461 1364 la
483 1320 747 1364 invocacion
773 1327 849 1363 tan
870 1321 1070 1374 repetida
1094 1334 1173 1375 por
1197 1321 1264 1363 los
1286 1322 1586 1377 alquimistas:

127 1393 371 1438 Laudemus
390 1393 438 1437 in
454 1394 667 1452 principio
684 1393 843 1446 Deum,
868 1393 944 1450 qui
959 1398 1017 1435 est
1039 1394 1238 1449 inspector
1260 1395 1464 1450 omnium,
1491 1411 1521 1451 y
1541 1409 1591 1438 es

129 1480 185 1510 en
201 1472 296 1510 este
315 1466 514 1522 capitulo
530 1467 571 1508 el
593 1465 811 1509 iniciador
834 1481 863 1522 y
881 1472 1078 1509 maestro
1097 1480 1156 1508 un
1175 1467 1235 1508 tal
1256 1467 1443 1510 Belonio
1462 1468 1590 1521 (Ma-

126 1539 388 1596 gister-meus
403 1539 604 1582 Bellomcs
617 1538 935 1596 Philosophiae),
947 1552 1034 1594 que
1049 1553 1128 1593 por
1145 1554 1196 1581 su
1216 1540 1591 1594 insignificaneia,

128 1611 168 1655 si
183 1625 244 1655 no
264 1625 346 1668 por
360 1617 458 1655 otro
474 1612 660 1663 motivo,
683 1625 741 1654 no
757 1618 865 1654 tuvo
891 1613 1022 1666 lugat
1041 1626 1096 1654 en
1121 1614 1158 1654 el
1183 1612 1366 1667 copioso
1383 1613 1591 1668 catalogo

128 1698 187 1728 en
207 1698 294 1739 que
315 1690 487 1727 remata
514 1685 557 1727 la
578 1685 770 1727 Histoire
794 1683 843 1727 de
870 1684 913 1727 la
931 1684 1198 1741 Plzilosophie
1215 1684 1480 1741 liermetique.

190 1757 250 1801 El
272 1756 441 1800 neofito
461 1771 633 1812 expone
654 1771 731 1800 sus
754 1757 916 1809 dudas,
952 1771 1036 1812 que
1060 1757 1244 1800 Belonio
1267 1771 1323 1800 va
1351 1757 1594 1800 aclarando

129 1843 160 1886 y
180 1829 549 1880 desvaneciendo,
573 1831 706 1873 hasta
726 1829 892 1884 dejarle
916 1831 1158 1886 penetrado
1181 1831 1234 1872 de
1259 1831 1300 1872 10
1321 1844 1406 1885 que
1429 1833 1495 1872 los
1520 1845 1591 1874 sa·

131 1901 228 1945 bios
248 1903 501 1945 ocultaron.
531 1903 630 1947 Una
652 1917 745 1945 vero
767 1903 837 1945 die
860 1904 1020 1945 vocavit
1042 1918 1103 1944 me
1125 1903 1333 1958 Magister
1355 1917 1466 1944 meus
1488 1902 1588 1946 Bel-

130 1974 268 2018 tonius
285 1974 555 2031 philosophus
588 1981 626 2018 et
656 1975 764 2018 dixit
784 1973 913 2018 mihi.
938 1976 1029 2018 Eia
1051 1977 1092 2018 F
1094 1975 1157 2025 ili,
1184 1980 1301 2031 spero
1326 1981 1360 2018 te
1381 1975 1593 2018 hominem

129 2061 211 2091 esse
230 2045 421 2104 specialis
442 2048 671 2099 intestatus,
708 2053 746 2090 et
780 2050 909 2091 etiam
939 2049 1048 2104 quod
1079 2049 1230 2104 poteris
1264 2048 1500 2105 pertingere
1535 2049 1596 2090 ad

131 2119 340 2176 gaudium
353 2124 596 2176 supremum
618 2122 849 2177 sapientiae.
878 2121 951 2164 Un
978 2119 1320 2174 interrogatorio
1343 2121 1414 2162 del
1438 2135 1588 2164 maes-

132 2199 219 2244 tro,
244 2191 450 2236 bastante
471 2193 723 2248 ingenioso
749 2201 902 2249 presta
924 2207 983 2236 no
1007 2207 1120 2248 poco
1143 2193 1305 2235 interes
1327 2194 1352 2234 εἱ
1374 2199 1468 2235 este
1493 2193 1595 2236 dia-

131 2265 255 2321 logo.

195 2337 268 2381 En
292 2338 336 2381 la
355 2338 634 2382 Naturaleza
650 2340 756 2382 todo
775 2340 971 2395 procede
987 2340 1041 2383 de
1064 2339 1307 2382 contrarios
1330 2339 1589 2395 principios⁷

133 2424 164 2467 y
184 2413 307 2454 estes
327 2424 409 2453 son
427 2417 599 2454 cuatro:
629 2411 831 2468 simples,
852 2413 1038 2468 simples
1060 2413 1112 2454 de
1136 2412 1337 2467 simples,
1358 2426 1591 2468 compues·

134 2489 206 2526 tos
226 2481 281 2525 de
301 2483 485 2538 simples
519 2499 549 2540 y
582 2491 871 2541 compuestos
902 2486 956 2528 de
979 2491 1279 2540 compuestos.
1307 2486 1399 2527 Los
1421 2484 1586 2540 princi-

135 2555 234 2612 pios
249 2555 435 2611 simples
457 2570 539 2599 son
561 2557 617 2599 de
639 2558 720 2600 dos
743 2558 1042 2607 naturalezas,
1063 2571 1155 2600 una
1177 2557 1326 2600 activa
1341 2571 1371 2612 y
1393 2564 1492 2599 otra
1514 2573 1594 2612 pa-

135 2627 246 2679 nim,
273 2627 318 2670 lo
338 2628 440 2670 cual
463 2642 520 2670 no
542 2628 747 2684 discrepa
773 2629 938 2672 mucho
962 2629 1031 2671 del
1056 2630 1193 2671 modo
1223 2643 1355 2672 corno
1386 2644 1434 2671 se
1456 2631 1591 2685 expli·

135 2699 279 2742 caban
300 2698 370 2741 las
390 2700 599 2743 acciones
619 2701 843 2756 quimicas
864 2716 920 2743 en
954 2707 1093 2755 epoca
1124 2715 1183 2744 no
1220 2715 1330 2758 muy
1367 2701 1514 2757 lejana
1535 2703 1591 2745 de

136 2771 182 2815 la
201 2777 403 2814 nuestra.
430 2773 498 2815 Lo
533 2774 827 2816 comburente
861 2788 889 2827 y
928 2775 970 2815 lo
1010 2774 1308 2817 combustible
1342 2773 1502 2829 encaja
1534 2776 1590 2818 de

136 2843 287 2889 molde
301 2858 357 2886 en
381 2845 427 2887 la
442 2845 543 2888 idea
565 2846 620 2888 de
642 2859 831 2902 cuerpos
855 2846 1024 2888 activos
1044 2859 1075 2901 y
1096 2858 1284 2903 cuerpos
1300 2847 1495 2902 pasivos.

198 2917 270 2960 De
291 2918 470 2972 aquella
490 2917 731 2962 distincion
755 2931 917 2973 surgen
943 2919 1009 2987 los
1033 2924 1187 2961 cuatro
1209 2919 1454 2962 elementos
1471 2918 1591 2962 aris-

1328 2999 1346 3036 5
