1786 3198
285 214 367 265 276
807 223 938 251 MAmo
969 223 1118 252 sonum
1144 232 1148 238 ·

294 306 398 348 Fol.
438 304 505 346 ΙΙ.
544 302 723 354 Marges
754 305 958 356 rognees,
993 316 1043 344 ce
1074 302 1245 346 feuillet
1274 319 1301 348 a
1332 309 1404 348 ete
1440 307 1618 359 meone,
1658 307 1696 352 il=

230 377 382 421 s’etait
405 374 590 418 detache
613 374 954 429 probablement
977 390 1029 416 en
1057 378 1205 419 meme
1226 382 1374 433 temps
1395 392 1483 434 qne
1513 380 1555 422 le
1587 374 1689 435 pie-

236 451 364 496 mier,
394 449 506 490 mais
530 446 602 488 n’a
626 461 706 501 pas
729 450 798 488 ete
819 446 949 489 feerit
971 461 1149 489 comme
1172 448 1351 493 l’autre.

301 522 388 564 Par
410 527 563 561 contre
584 519 625 561 le
650 520 750 562 Fol.
777 531 886 563 xxlv
908 534 934 562 a
957 523 1027 561 ete
1047 520 1179 563 rectit
1200 527 1484 567 exactement
1512 536 1700 569 comme

231 595 271 636 le
296 594 373 637 fol.
400 605 411 633 l
438 599 479 633 et
505 606 584 645 par
605 592 646 633 le
669 594 818 635 meme
840 592 1030 646 copiste.

299 667 398 707 Fol.
443 665 564 707 LXI.
611 663 880 706 ·Comediae
911 664 1078 707 Dantis
1107 665 1340 721 Adigherii
1373 668 1426 710 de
1461 669 1691 714 Florentia

232 738 379 794 prima
401 737 578 779 cantica
602 750 687 790 que
710 739 944 791 appelatur
968 737 1193 791 Infernus,
1220 740 1411 795 explicit.
1447 742 1547 785 Deo
1578 742 1692 787 Gra-

225 809 743 852 tias-Amen.·-Fol.
771 822 845 852 Lxl
870 807 940 852 v.o
963 811 1108 854 blanc.

229 870 231 872 V
293 884 392 926 Fol.
422 882 580 925 LXII.
611 881 800 937 «Incipit
824 883 934 925 liber
967 884 1191 927 secundus
1224 886 1297 940 qui
1328 886 1490 930 dicitur
1516 888 1689 944 Purga-

230 958 397 999 torium
425 954 742 997 comediarum
770 957 936 998 Dantis
955 957 1171 1011 Allegerii
1190 965 1234 1000 et
1251 965 1317 1001 est
1335 960 1581 1014 capitulum
1602 961 1691 1016 pri-

228 1044 353 1073 mum
379 1036 578 1071 tractans
601 1029 653 1071 de
678 1029 764 1070 hiis
786 1029 857 1084 qui
883 1043 931 1072 se
955 1036 1150 1085 purgant
1171 1045 1198 1073 a
1221 1033 1390 1086 pecatis
1413 1046 1490 1087 per
1510 1047 1587 1076 eos
1609 1046 1688 1077 co·-

231 1102 382 1145 missis
405 1111 443 1143 et
471 1116 555 1156 que
578 1102 770 1143 confessi
798 1103 1102 1156 penituerunt.

262 1218 265 1221 ,
292 1177 373 1219 Fol
435 1176 625 1219 CXXV.
672 1175 896 1229 «Explicit
934 1176 1044 1217 liber
1081 1175 1303 1218 secondus
1340 1177 1394 1218 de
1429 1178 1693 1233 purgatorio

233 1251 537 1292 comediarum
577 1247 742 1290 Dantis
780 1247 1018 1303 Adigherii
1057 1249 1248 1291 Amen.»
1269 1250 1432 1292 -F01.
1474 1263 1591 1294 cxxv
1626 1248 1692 1295 v.⁸

227 1322 375 1364 blanc.

296 1396 418 1437 Fols.
448 1394 649 1436 CXXVI
673 1400 716 1435 et
741 1393 989 1436 CXXVII.
1019 1394 1105 1436 Ces
1136 1393 1333 1436 feuillets
1368 1400 1471 1437 sont
1499 1399 1692 1451 occupes

234 1482 312 1522 pai·
334 1482 421 1508 une
444 1475 560 1508 sorte
583 1467 636 1508 de
659 1467 902 1508 sommaire
927 1467 983 1508 du
1010 1467 1210 1518 paradis,
1242 1481 1295 1509 en
1331 1481 1448 1518 vers,
1478 1472 1691 1523 compos&

234 1537 365 1582 d'une
399 1541 567 1581 terzine
601 1538 964 1589 d‘introduction,
989 1538 1042 1580 de
1066 1540 1123 1594 34
1151 1539 1345 1581 terzines
1377 1546 1693 1596 commencant

235 1613 434 1655 chacune
459 1626 537 1666 par
554 1613 594 1653 le
614 1612 804 1666 premier
821 1625 921 1652 vers
936 1610 1043 1653 d³un
1061 1611 1199 1654 chant
1217 1612 1276 1654 du
1295 1611 1482 1655 Paradis
1494 1619 1538 1655 et
1555 1612 1692 1656 d'une

233 1686 495 1727 conclusion
521 1685 574 1725 de
596 1691 753 1738 quatre
777 1698 890 1726 vers.

294 1757 479 1810 Incipit:
512 1757 732 1798 «Camino
755 1756 795 1797 di
821 1754 1036 1798 Paradiso
1060 1754 1192 1797 breve
1214 1755 1417 1798 scritto.»

293 1831 509 1884 Explicit:
541 1831 774 1872 «Fazcndo
798 1829 888 1871 fine
911 1844 937 1871 a
960 1826 988 1870 l’
1013 1830 1103 1870 alta
1125 1842 1206 1870 sua
1229 1828 1445 1872 visione.»

294 1903 425 1944 Cette
451 1902 746 1956 composition
773 1901 957 1944 d'abord
984 1901 1203 1943 attribuee
1227 1903 1253 1944 a
1278 1902 1458 1943 Bosone
1485 1901 1543 1944 da
1563 1901 1696 1962 pr'-

232 1975 304 2018 bio
328 1984 391 2016 est
417 1976 469 2017 de
497 1975 734 2018 Dieiaiuve
758 1974 882 2017 Mino
905 1974 948 2015 di
974 1974 1120 2015 Vanni
1145 1972 1372 2016 d’Arezzo
1396 1971 1464 2020 (¹).

297 2051 395 2091 Fol.
421 2049 690 2092 CXXVIII.
718 2047 913 2101 «Incipit
932 2046 1042 2088 liber
1059 2045 1224 2087 tercius
1241 2047 1546 2088 comediarum
1566 2047 1698 2089 Dan-

236 2122 292 2164 tis
318 2122 526 2175 Allegei-ii
550 2122 604 2163 de
636 2121 865 2163 Florentia
900 2120 974 2174 qui
1007 2119 1118 2160 liber
1150 2118 1354 2172 apelatur
1386 2119 1628 2162 Paradisus
1647 2125 1697 2162 et

231 2202 297 2236 est
323 2197 431 2236 liber
455 2196 624 2248 primus
648 2193 781 2247 hujus
803 2192 927 2234 tercii
953 2191 1097 2234 libri.»
1679 2218 1681 2220 -

297 2269 395 2309 Fol.
438 2266 629 2310 CXCIV
668 2264 738 2308 v.⁰
781 2265 1127 2308 «comediarum
1168 2263 1334 2306 Dantis
1371 2263 1602 2319 Adigherii
1639 2265 1697 2308 de

235 2341 469 2383 Florencia
509 2341 619 2381 liber
654 2339 818 2380 tercius
853 2337 927 2392 qui
967 2337 1202 2391 appelatur
1235 2336 1475 2378 Paradisus
1510 2337 1691 2391 explicit

235 2414 334 2455 Deo
357 2412 532 2465 giacias
555 2426 702 2460 amen,
731 2410 804 2464 qui
824 2410 934 2451 liber
955 2410 1148 2464 scriptus
1163 2408 1246 2450 fuit
1260 2422 1381 2451 anno
1398 2410 1566 2452 domini
1585 2409 1696 2452 mil-

237 2484 395 2525 lesimo
419 2497 609 2527 cch1111
634 2483 789 2539 (1354)
809 2483 885 2538 qui
901 2496 1078 2537 quoque
1098 2481 1256 2523 finitus
1278 2480 1361 2523 fuit
1383 2481 1454 2524 die
1469 2494 1694 2525 xnovem-

233 2554 322 2596 bris
344 2568 517 2596 amen.»

284 2743 339 2791 (1)
392 2744 455 2780 Cf.
477 2744 594 2781 Carlo
614 2757 633 2781 e
653 2744 858 2781 Lodovico
877 2745 997 2782 Frati:
1018 2743 1153 2793 Indice
1172 2743 1275 2780 delle
1293 2752 1400 2780 carte
1418 2743 1458 2779 di
1475 2742 1607 2780 pietro
1625 2742 1696 2782 Bi-

240 2803 416 2839 lancioni
437 2805 666 2841 contributo
685 2805 758 2840 alla
780 2804 1068 2856 bibliographia
1088 2804 1188 2840 delle
1209 2804 1308 2841 rime
1326 2804 1478 2852 volgari
1495 2803 1556 2840 de’
1576 2793 1698 2852 prim'i

240 2866 297 2900 tre
323 2865 458 2900 secoli.
490 2865 665 2912 ssologna
691 2866 793 2914 1889,
816 2878 854 2914 p.
875 2867 961 2913 258.
983 2878 1063 2909 vni,
1096 2863 1145 2901 n⁰
1169 2877 1206 2911 4.
1233 2865 1297 2901 Cf.
1329 2863 1436 2901 aussi
1460 2854 1694 2912 Morpurgbt'

234 2924 252 2960 1
271 2924 400 2960 codici
420 2923 667 2961 Riccardiani
685 2925 787 2962 della
810 2926 947 2962 Divina
969 2925 1219 2972 Coi-amentia,
1241 2937 1278 2973 p.
1300 2926 1361 2963 68.
