1786 3198
416 243 593 272 ALFONSI
621 245 818 276 VALDEsn
847 249 1043 278 LITTERAE
1071 251 1127 278 XL
1157 250 1344 278 INEDITAE
1473 250 1551 290 401

150 331 238 367 nas
258 322 364 366 dare
385 323 459 378 qui
482 331 724 379 peccantes
745 326 792 369 in
816 327 1036 382 Spiritum
1066 335 1274 372 sanctum
1299 330 1613 374 contradicunt

148 394 345 439 veritati.
371 396 548 440 Fabula
570 397 839 441 oxomensis
861 414 945 442 nos
966 401 1207 456 plurimum
1231 401 1508 455 exhilaravit,
1534 402 1613 446 sed

150 480 207 511 a
227 465 359 523 ego‘a
381 468 614 524 Pasquillo
635 477 834 526 expecto.

211 539 302 583 Vix
322 541 524 584 crederes
555 555 687 597 quarn
717 542 883 586 fuerint
916 545 1195 588 Cancellario
1227 552 1317 588 tuae
1346 546 1508 589 litterae
1535 545 1610 601 ju-

149 611 458 664 eundissimae,
483 613 559 668 qui
580 628 683 657 curn
707 616 763 657 ad
785 620 828 657 te
851 617 1080 669 rescribat,
1103 618 1207 660 nolo
1231 633 1314 673 ego
1337 619 1391 661 de
1421 619 1541 661 illius
1563 619 1611 662 in

90 678 99 685 ⁸
149 688 196 728 te
217 684 372 728 animo
393 687 524 742 plura
544 700 916 732 commemorare.
942 689 1055 745 Quae
1078 689 1123 731 in
1147 696 1224 732 tuo
1247 690 1479 745 privilegio
1508 690 1611 734 addi

147 757 351 809 voluisti,
376 758 677 802 libentissime
699 760 895 813 admisit;
934 762 972 804 si
1002 761 1107 816 quid
1140 768 1354 818 praeterea
1382 763 1608 807 desidera-

148 828 219 873 bis
240 829 443 883 scribit03
469 832 620 874 nullus
652 837 719 874 est
751 834 826 887 qui
860 833 1036 877 facilius
1065 835 1239 889 quidvis
1261 850 1287 878 a
1310 836 1439 878 nobis
1470 836 1610 892 impe-

150 906 241 946 tret
268 917 404 958 quam
433 909 484 947 tu
514 904 647 959 idque
675 910 754 947 tuo
785 907 959 951 merito.
994 907 1217 950 Mittimus
1250 908 1398 963 itaque
1427 908 1608 963 privile-

149 974 295 1032 gium,
320 976 546 1019 mittimus
567 983 611 1019 et
634 978 806 1020 litteras
830 979 1023 1022 Caesaris
1046 980 1102 1022 ad
1135 980 1307 1034 Regem
1343 987 1490 1032 tuum,
1525 995 1608 1023 ne·

149 1054 235 1103 q'ue
256 1053 392 1092 antea
413 1048 532 1092 mitti
565 1055 820 1104 potuerunt.
856 1051 1070 1094 Alfonsus
1103 1052 1177 1094 ille
1209 1053 1444 1095 Viruesius
1476 1066 1607 1107 quem

148 1125 196 1164 te
215 1120 373 1164 audire
395 1121 506 1164 dicis
537 1123 878 1166 contionantem
910 1130 980 1166 est
1013 1125 1126 1166 mihi
1160 1124 1462 1167 amicissimus
1482 1133 1544 1176 et,
1571 1124 1608 1167 si

147 1199 269 1236 recte
291 1193 496 1246 memini,
522 1194 686 1249 saepius
710 1195 763 1238 de
785 1209 836 1237 eo
859 1209 1109 1238 sermonem
1133 1202 1279 1238 tecum
1299 1195 1451 1247 habui,
1472 1195 1609 1251 scrip·

145 1265 206 1310 sit
227 1267 350 1310 enim
373 1267 481 1310 olim
505 1269 659 1311 nescio
682 1283 793 1323 quas
824 1283 969 1322 nugas
1001 1269 1056 1310 ad
1079 1268 1320 1309 Erasmum
1345 1268 1510 1322 quibus
1532 1268 1610 1310 ho-

144 1340 410 1382 munculum
426 1340 687 1390 concitavit,
709 1355 811 1383 mea
829 1347 984 1383 tamen
998 1354 1131 1395 opera
1146 1340 1337 1382 reditum
1357 1346 1426 1382 est
1445 1340 1490 1382 in
1507 1354 1606 1394 gra-

143 1411 272 1456 tiam.
297 1412 442 1456 Multa
464 1419 570 1455 sunt
591 1427 691 1467 quae
709 1413 753 1455 in
776 1414 956 1456 homine
975 1412 1134 1454 merito
1152 1413 1345 1466 placent,
1365 1413 1443 1454 sed
1457 1418 1501 1453 et
1518 1412 1607 1455 alia

147 1497 249 1539 quae
264 1483 364 1540 jure
386 1485 642 1541 displicent;
679 1486 798 1540 quod
827 1486 903 1528 dat
933 1486 1195 1540 accipimus,
1233 1490 1383 1527 cetera
1416 1485 1606 1539 devora-

145 1570 264 1606 mus.
291 1557 355 1601 ita
375 1558 620 1601 vivendum
645 1564 725 1602 est.

206 1629 298 1672 Hic
333 1644 512 1686 quoque
549 1645 705 1673 rumor
741 1636 838 1673 erat
870 1631 1095 1673 Caesarem
1128 1630 1297 1672 iturum
1335 1629 1605 1681 Granatam,

144 1701 261 1746 falso
289 1708 456 1753 tamen,
497 1717 603 1746 nam
639 1703 711 1746 die
742 1703 888 1758 primo
922 1702 1074 1744 Martii
1112 1702 1218 1744 hinc
1250 1702 1464 1752 discedet,
1489 1702 1607 1756 apud

145 1775 348 1818 Mentem
382 1774 614 1818 Serratum
649 1776 956 1818 celebraturus
985 1774 1164 1828 pascha,
1191 1773 1382 1827 indeque
1414 1773 1498 1815 sub
1519 1773 1606 1815 ini-

143 1847 259 1891 tium
295 1847 404 1902 Maji
433 1848 585 1890 navim
616 1861 883 1890 ascensurus
910 1853 954 1888 et
983 1847 1163 1889 Italiam
1198 1860 1369 1896 versus,
1406 1846 1442 1887 si
1479 1846 1605 1887 Deus

145 1920 435 1971 concesserit,
460 1919 775 1975 navigaturus;
803 1921 866 1962 ita
887 1919 1115 1961 decretum
1142 1924 1226 1959 est.

206 1997 277 2038 De
314 1994 540 2038 monacho
578 2000 844 2050 praegnante
881 1994 993 2036 nihil
1029 1994 1148 2035 aliud
1183 1992 1275 2035 scio
1308 2004 1443 2045 quam
1475 1989 1602 2031 illum

143 2067 562 2124 hermaphroditum
588 2081 686 2110 esse
714 2066 899 2122 jamque
932 2067 1124 2120 septimo
1158 2078 1310 2107 mense
1345 2062 1484 2104 fetum
1520 2075 1601 2116 ge-

143 2148 280 2185 stare.
307 2141 410 2196 Ego
432 2146 554 2183 certe
576 2153 669 2182 non
692 2145 873 2182 tantum
892 2139 1089 2189 admiror
1106 2137 1292 2184 factum,
1314 2134 1388 2176 sed
1410 2133 1483 2188 qui
1506 2132 1603 2175 fieri

142 2213 293 2271 potuit
311 2220 362 2257 ut
378 2213 494 2256 inter
525 2218 593 2255 tot
617 2212 837 2254 distentos
869 2210 1115 2253 monachos
1144 2206 1378 2261 concipere
1406 2204 1602 2259 potuerit

143 2292 223 2330 aut
259 2300 339 2330 cur
374 2285 532 2328 eadem
566 2298 702 2340 opera
734 2298 825 2326 non
860 2282 1117 2336 concipiunt
1151 2277 1422 2327 meretrices,
1458 2289 1603 2330 neque

141 2359 266 2403 enim
300 2359 570 2402 credendum
601 2363 685 2408 est,
722 2357 767 2398 in
805 2357 883 2398 tali
917 2354 1100 2397 officina
1131 2351 1383 2405 segniorem
1417 2360 1599 2403 operam

142 2429 272 2473 illum
294 2437 374 2473 aut
395 2430 434 2472 si
456 2430 601 2472 mavis
623 2429 748 2472 illam
772 2441 980 2471 navasse.

205 2503 324 2546 Cum
346 2503 444 2546 haec
464 2503 706 2546 scriberem
730 2498 1018 2556 deprehendit
1042 2510 1113 2539 me
1138 2493 1364 2538 Dominus
1383 2493 1598 2534 Perreno-

139 2580 229 2627 tus,
257 2574 366 2629 legit
386 2581 490 2618 tuas
510 2575 698 2625 litteras,
724 2573 904 2615 risimus
927 2569 1184 2613 sardonium
1208 2572 1258 2608 ut
1287 2564 1415 2619 ajunt
1436 2563 1598 2618 risum⁷

134 2646 272 2704 jussit
293 2652 345 2689 ut
367 2646 464 2702 ejus
486 2646 671 2689 nomine
693 2645 933 2700 plurimam
958 2642 1039 2684 tibi
1067 2641 1259 2683 salutem
1288 2637 1499 2686 dicerem,
1524 2641 1599 2678 ta—

140 2719 278 2762 metsi
299 2719 353 2761 de
374 2733 428 2761 eo
450 2719 575 2761 nulla
609 2718 667 2760 sit
701 2717 790 2759 tuis
823 2716 867 2757 in
900 2713 1064 2756 litteris
1095 2709 1282 2754 mentio.
1315 2709 1444 2751 Idem
1467 2706 1597 2763 petiit

139 2793 202 2836 D.
226 2791 592 2834 Bartholomaeus
615 2796 659 2832 et
680 2788 859 2843 quidem
877 2785 1075 2828 officiose
1100 2782 1361 2830 admodum,
1383 2785 1451 2822 est
1473 2779 1593 2821 enim

137 2868 262 2907 totus
298 2867 407 2906 tuus
442 2877 545 2906 cum
579 2867 675 2904 toto
707 2860 957 2902 amicorum
991 2855 1195 2909 collegio.
1233 2852 1537 2907 Hieronymus
1568 2864 1596 2893 a

136 2935 311 2988 Ran20,
335 2935 556 2990 Georgius
576 2934 654 2988 qui
686 2945 828 2988 nuper
858 2928 982 2972 venit
1014 2942 1067 2970 ex
1100 2927 1237 2970 Italia
1267 2931 1314 2968 et
1345 2923 1536 2982 Jacobus
1566 2935 1595 2965 a

1310 3007 1356 3042 26
