1786 3198
237 216 316 255 412
701 213 872 242 EDUARD
903 213 1107 244 Boanum

183 292 403 350 prosequi.
428 292 485 334 In
508 305 597 346 qua
620 291 792 334 utinam
816 296 861 334 te
882 291 1033 335 videre
1053 294 1304 338 valeamus.
1331 295 1388 338 D.
1413 294 1644 338 Granvel-

184 367 228 408 la
250 372 293 407 te
317 363 561 419 praesertim
587 364 735 406 valere
751 363 898 420 jubet.
924 365 1088 409 Orator
1108 366 1183 409 ille
1206 366 1482 410 Levinianus
1502 365 1642 410 maxi·

184 452 309 481 mum
333 437 402 479 sui
425 435 652 491 specimen
677 437 798 480 dedit
822 437 868 480 in
892 453 946 482 ea
978 438 1266 493 responsione
1299 453 1432 494 quam
1469 437 1640 482 Caesari

182 509 400 560 exhibuit,
425 522 530 551 cum
553 522 606 551 ex
631 509 883 565 Ratispona
908 510 1315 565 proficiscerentur,
1342 510 1399 554 ad
1417 525 1468 554 ea
1491 524 1593 566 quae
1615 524 1644 554 a

184 582 307 635 Rege
330 594 411 622 suo
436 581 588 623 Caesar
611 581 826 624 adversus
848 581 1022 624 Turcas
1045 584 1366 638 postulaverat.
1393 584 1543 641 Quam
1573 596 1644 626 re-

180 653 484 709 sponsionem,
519 666 610 696 una
639 667 743 696 cum
777 654 847 697 his
880 668 978 709 quae
1008 669 1091 698 nos
1123 655 1180 698 ad
1202 670 1256 699 ea
1285 655 1539 707 retulimuS‚
1563 669 1646 712 per

183 727 376 782 primum
397 726 678 769 tabellarium
696 727 752 770 ad
775 734 819 770 te
839 729 1016 770 mittam
1035 733 1085 770 ut
1100 728 1250 782 gentis
1267 727 1639 783 imprudentiam,

181 800 249 842 vel
269 799 599 854 impudentiam
623 800 789 854 potius,
815 800 1074 856 perspicias.
1099 801 1230 846 Vale.

241 872 442 915 Passavii
465 871 520 917 (Ι)
543 871 613 916 die
633 873 705 916 XI
729 873 1025 928 Septembris.
1053 874 1180 917 Tuus
1201 873 1412 929 quiequid
1434 879 1504 917 est

1201 976 1459 1020 Valdesius.

243 1091 300 1134 In
321 1090 460 1135 dorso.-
484 1091 580 1134 Rmo
601 1091 646 1134 in
672 1091 889 1135 Christo„
912 1100 962 1149 (2)
983 1090 1202 1142 Domino,
1229 1092 1290 1133 D.
1314 1090 1480 1149 Joanni
1505 1091 1638 1134 Dan-

181 1163 312 1214 tisco,
339 1163 566 1220 Episcopo
600 1163 853 1214 Culmensi,
886 1162 1027 1207 Ser.mi
1053 1163 1193 1220 Regis
1216 1163 1415 1207 Poloniae
1448 1162 1641 1216 ConJ50,

185 1237 374 1279 Domino
396 1251 479 1279 suo
501 1237 704 1281 obser.m0
729 1235 811 1280 dte.
840 1236 1089 1279 Cracoviae.

245 1310 471 1366 Receptum
494 1310 686 1353 XXIIII
709 1309 966 1364 septembr.
995 1308 1128 1354 1532.

239 1441 290 1489 (1)
341 1441 657 1491 Apographum:
674 1439 839 1488 Patavii.
858 1440 995 1477 Extat
1016 1439 1054 1476 in
1072 1439 1320 1478 documentis
1334 1439 1421 1477 illis
1438 1452 1468 1476 a
1485 1438 1642 1488 Lanqio

186 1501 320 1548 editis,
342 1502 419 1539 vol.
435 1502 483 1548 11,
500 1514 544 1551 p.
564 1512 587 1550 9
603 1513 659 1551 sq.
679 1499 854 1551 epistola
874 1500 1058 1537 Caesaris
1069 1501 1175 1537 data
1191 1501 1335 1537 Passau
1353 1500 1389 1538 le
1403 1500 1459 1536 Xe
1478 1499 1527 1537 de
1546 1501 1647 1548 Sep-

188 1562 337 1598 tembre
361 1562 465 1609 1532.
485 1563 632 1612 Itaque
651 1562 690 1599 in
721 1559 912 1599 Valdesii
939 1559 1115 1608 epistola
1141 1560 1355 1610 legendum
1375 1559 1542 1598 Pasavii.
1563 1559 1644 1610 Cf.

187 1633 315 1671 supra
327 1634 370 1672 p.
390 1625 478 1671 408.

243 1685 292 1730 (2)
344 1684 552 1734 Scriptum
572 1685 729 1723 videtur
748 1683 823 1720 Ρῡ,
844 1683 1044 1720 Fortasse
1061 1682 1096 1718 J
1098 1684 1123 1718 ᾶ
1144 1681 1171 1718 i.
1192 1694 1225 1719 e.
1247 1682 1355 1719 Jesu.
