1786 3198
0 0 156 44 {vr-³⁹·-
175 0 230 37 tr*

422 219 600 248 ALFON81
630 220 826 248 VALDESII
856 221 1054 251 erTssRAE
1084 224 1139 251 XL
1169 223 1361 252 mEDrrAE
1476 224 1555 266 407

149 296 277 342 ‘nihil
300 301 515 352 praeterea
537 297 651 352 quod
672 297 959 341 rescriberem
984 306 1079 343 erat
1099 301 1184 344 nisi
1207 307 1331 344 tuam
1361 302 1495 346 istam
1518 303 1606 346 im·

161 368 425 426 patientiam
449 374 494 410 et
516 367 792 423 suspiciones
814 370 1109 426 objurgarem.
1136 374 1273 431 Quasi
1297 375 1473 418 nescias
1503 390 1610 431 quo-

161 441 643 498 mmepaetornegotia
671 443 787 497 apud
817 457 898 484 nos
928 444 1218 488 conficiantur
1249 453 1326 489 aut
1358 448 1483 502 quasi
1517 462 1606 491 non

162 515 207 559 id
228 529 285 558 ex
315 529 388 557 me
414 515 515 570 plus
545 514 706 557 millies
735 514 940 563 audieris,
978 516 1041 558 ita
1070 523 1114 559 te
1146 519 1315 562 crucias
1347 525 1391 562 et
1422 534 1608 575 parvam

163 600 338 631 moram
372 586 594 630 sustinere
615 601 705 630 non
729 593 871 642 potes.
909 588 1045 631 Vides
1075 590 1295 634 Caesarem
1328 593 1507 647 negotia
1529 607 1610 636 sua

165 659 341 717 privata
361 660 603 715 negligere,
627 660 744 714 quod
769 674 924 702 aversa
944 663 1197 705 valetudine
1213 672 1424 718 gravatus
1446 665 1517 707 his
1534 680 1609 708 va·

164 747 267 777 oere
287 747 378 776 non
403 739 564 788 potest,
587 739 631 775 et
654 739 701 775 tu
724 733 792 775 vis
814 739 863 775 ut
883 733 972 775 tuis
995 739 1171 776 tantum
1195 735 1442 779 incumbat.
1465 736 1514 779 Si
1536 736 1607 779 vi-

162 806 291 849 deres
311 805 490 860 aliquod
515 805 637 861 aliud
660 805 892 859 negotium
927 806 1174 848 confectum
1198 813 1240 849 et
1261 814 1389 850 tuum
1424 808 1608 864 negligi,

163 893 320 935 posses
340 885 447 921 tunc
469 878 703 921 nobiscum
726 885 805 920 tuo
824 877 923 932 jure
941 880 1236 933 expostulare,
1263 881 1337 922 sed
1357 896 1458 924 cum
1478 883 1608 936 plane

163 949 316 993 videas
347 949 460 992 nihil
496 949 568 992 hic
598 963 777 1004 prorsus
808 964 909 991 cum
951 949 1126 992 Caesare
1157 952 1326 994 absolvi
1355 966 1500 1006 posse,
1533 967 1612 996 cur

165 1036 256 1065 non
279 1022 502 1078 patienter
534 1022 787 1077 expectabis
808 1022 914 1064 dum
937 1032 1016 1065 aut
1040 1024 1190 1066 Caesar
1211 1024 1266 1066 ab
1288 1039 1340 1067 eo
1373 1026 1527 1068 morbo
1550 1026 1611 1068 le·

165 1100 301 1138 vatus
330 1095 524 1150 negotiis
556 1109 714 1138 vacare
736 1095 878 1150 possit
911 1101 986 1136 aut
1012 1095 1099 1137 alio
1133 1102 1262 1150 pacto
1286 1111 1337 1138 ea
1363 1097 1522 1139 confici
1541 1097 1612 1152 ju-

166 1167 282 1211 beat.
306 1168 408 1221 Ego
430 1173 565 1218 certe,
592 1173 641 1210 ut
674 1167 867 1222 ingenue
890 1167 1048 1215 fatear,
1072 1182 1300 1223 nunquam
1328 1170 1611 1212 credidissem

164 1243 209 1281 te
231 1238 342 1281 adeo
362 1238 672 1293 impatientem
698 1245 740 1281 et
762 1254 788 1282 a
810 1239 981 1282 ratione
1004 1239 1197 1282 alienum
1224 1247 1272 1283 ut
1291 1242 1388 1284 haec
1405 1256 1494 1284 non
1512 1256 1613 1296 per-

166 1311 398 1367 penderes.
424 1313 612 1366 Ignosce
643 1326 794 1367 quaeso
828 1312 943 1366 quod
975 1312 1108 1354 libere
1136 1313 1244 1354 adeo
1277 1319 1426 1356 tecum
1460 1327 1610 1370 agam,

166 1383 284 1426 nosti
322 1397 519 1438 quonam
563 1383 660 1427 haee
696 1385 846 1427 animo
882 1385 1009 1427 fiant.
1048 1385 1347 1428 Simulacrum
1387 1388 1532 1440 placet
1569 1392 1614 1428 et

167 1456 290 1499 aliud
311 1456 367 1499 ad
388 1463 431 1499 te
454 1456 631 1499 mittam
655 1463 704 1499 ut
727 1458 783 1500 ad
804 1471 905 1499 eum
931 1457 1113 1498 modum
1144 1458 1299 1512 corrigi
1332 1457 1487 1501 facias.
1516 1459 1614 1500 Dfis

167 1527 411 1572 Granvella
441 1535 569 1584 rogat
591 1535 635 1572 te
658 1530 901 1584 plurimum
935 1536 984 1571 ut
1008 1530 1219 1584 pictorem
1247 1531 1303 1573 ad
1323 1546 1426 1574 eum
1461 1531 1614 1574 mittas

168 1615 269 1644 cras
291 1615 423 1644 mane
445 1601 555 1644 hora
578 1602 744 1657 quinta.
770 1602 901 1644 Vale.
926 1600 1055 1644 Tuus
1077 1602 1326 1646 ValdesiuS.

228 1673 438 1731 Sigillum
458 1687 617 1716 cereum
638 1674 828 1716 rubrum.

230 1805 281 1850 S.
346 1805 478 1863 Quod
512 1805 738 1849 Caesarem
762 1805 822 1848 sis
855 1806 1077 1847 allocutus
1105 1805 1395 1848 vehementer
1421 1805 1612 1860 gaudeo,

170 1892 290 1922 nunc
310 1878 517 1921 dabimus
539 1892 722 1933 operam
746 1883 797 1920 ut
819 1876 1000 1932 negotia
1023 1882 1140 1918 recte
1163 1877 1465 1928 absolvantur,
1486 1883 1530 1919 et
1552 1876 1615 1919 ita

170 1951 248 1994 fiet
269 1957 318 1994 ut
339 1957 383 1993 te
407 1965 497 1993 non
521 1950 735 2006 paeniteat
757 1950 872 2005 quod
898 1963 1047 1992 meum
1071 1949 1307 1991 consilium
1332 1949 1393 1991 sis
1414 1956 1612 1992 secutus.

173 2023 383 2068 Ceterum
415 2023 575 2066 misisti
608 2024 664 2066 ad
688 2036 759 2065 me
783 2036 875 2064 rem
911 2021 1113 2064 omnium
1150 2021 1258 2063 mihi
1292 2022 1612 2077 gratissimam,

173 2094 441 2150 Campensis
467 2094 729 2150 psalterium
754 2093 806 2140 (1)
829 2107 908 2149 pro
930 2107 1016 2148 quo
1046 2093 1286 2136 maximam
1310 2093 1390 2136 tibi
1422 2093 1614 2148 gratiam

173 2167 335 2211 habeo.
362 2168 424 2210 Et
452 2182 550 2210 cras
573 2181 706 2209 mane
738 2167 848 2209 hora
871 2166 1042 2208 circiter
1068 2165 1239 2208 decima
1261 2167 1328 2208 vel
1358 2171 1463 2208 ante
1495 2166 1551 2208 ad
1573 2171 1618 2207 te

172 2240 354 2282 veniam
390 2245 439 2282 ut
470 2245 518 2282 tu
552 2254 651 2294 quae
687 2252 863 2281 mecum
900 2238 1097 2281 conferre
1129 2243 1256 2292 optas
1282 2237 1498 2288 conferas,
1533 2251 1618 2292 ego

172 2319 325 2356 autem
349 2326 501 2355 meum
524 2311 793 2355 desiderium
819 2311 1008 2354 videndo
1031 2311 1139 2353 duos
1156 2310 1272 2352 viros
1294 2309 1618 2352 eruditissimos

173 2386 379 2440 expleam
402 2392 446 2428 et
469 2385 626 2440 pictori
650 2390 803 2428 nostro
824 2382 1115 2427 satisfaciam.
1142 2382 1326 2425 Interim
1349 2383 1461 2425 vale.
1492 2381 1619 2424 Tuus

1187 2478 1435 2522 Valdesius.

230 2542 473 2599 Ratisponae
493 2545 625 2587 1532.

233 2613 440 2671 Sigillum
461 2628 619 2657 cereum
635 2614 825 2657 rubrum.

224 2734 276 2782 (1)
329 2733 575 2770 Psalmorum
593 2733 700 2770 iuxta
723 2732 952 2769 Hebraicam
970 2730 1169 2767 veritatem
1193 2729 1482 2777 paraphrastica
1500 2729 1619 2766 inter·

174 2795 357 2846 pretatio,
378 2795 549 2832 authore
575 2795 727 2831 Joanne
755 2793 979 2840 Campensi.
1007 2793 1054 2828 R.
1075 2792 1121 2829 D.
1142 2790 1286 2828 Joanni
1313 2789 1502 2826 Dantisco
1523 2789 1621 2837 Epi-

172 2867 298 2903 scopo
313 2854 586 2892 Colmensi&c
605 2854 798 2891 dedicata.
820 2852 923 2890 Cum
938 2851 1110 2899 Epistola
1129 2849 1417 2897 nuncupatoria
1431 2850 1486 2886 ad
1504 2849 1620 2886 Dan-

173 2915 333 2959 tiscum,
358 2915 628 2962 Norimbergae
650 2926 669 2962 3
685 2913 773 2961 Maij
800 2923 904 2961 1532.
