1846 3224
0 762 29 1298 *rw-rztliw’ff'f·;⁵¹·»·'''“''⁷
3 710 6 715 ·
0 630 9 674 ·’”’

25 1012 39 1046 ,δ
23 962 27 971 .,
20 792 24 795 «
27 639 29 641 ,

513 204 675 234 CARTAS
701 207 758 234 DE
790 197 1011 243 Μοκοὲμκ
1038 208 1064 235 v
1098 209 1256 237 31³1.qu
1501 212 1549 251 17

781 446 927 541 ‘VI

146 664 494 716 Illustrissimo
511 671 556 716 et
573 667 988 717 excellentissimo
1002 669 1219 718 Domino
1237 671 1451 736 Gaspari
1464 675 1525 722 M
1526 690 1606 722 en-

212 742 345 795 dozae
366 744 640 794 marchioni
669 745 728 793 de
751 746 813 795 M
815 746 1052 804 ondexar,
1084 748 1250 796 comiti
1274 749 1333 797 de
1355 748 1599 809 Tendilla‚

211 821 486 888 Stephanus
511 823 759 872 Baluzius
791 824 1087 873 TutelensiS.
1116 826 1172 874 S.
1206 828 1268 876 P.
1296 829 1366 876 D.

200 1009 359 1063 Accepi
378 1023 475 1050 cum
493 1023 543 1051 ea
561 1024 643 1063 qua
663 1024 736 1064 par
757 1019 820 1052 est
839 1011 1084 1058 reuerentia,
1117 1012 1484 1053 Excellentissime
1512 1014 1605 1053 Do-

59 1080 76 1087 ‘
109 1075 113 1082 '
133 1075 274 1131 Niniue,
296 1086 551 1131 postremam
571 1079 791 1131 epistolam
813 1084 926 1117 tuam
946 1077 1084 1116 datam
1115 1079 1272 1118 Matriti
1293 1078 1360 1118 die
1381 1090 1432 1130 29
1452 1078 1609 1119 mensis

39 1188 49 1200 ι
79 1172 82 1173 ⁷
145 1142 248 1186 Maii
275 1157 409 1197 nuper
437 1144 586 1196 elapsi,
618 1145 660 1184 in
691 1145 845 1199 quibus
875 1145 971 1198 (sic)
1003 1145 1057 1191 (1)
1088 1144 1236 1196 agnoui
1259 1144 1607 1196 perseverantiam

145 1209 210 1252 tui
226 1210 270 1250 in
287 1224 355 1250 me
373 1209 593 1263 studiaque
615 1225 720 1258 mea,
742 1211 918 1251 affectus
947 1218 988 1250 et
1017 1225 1198 1250 amorem
1230 1210 1449 1250 mirificum
1472 1211 1608 1250 bona-

143 1290 236 1319 rum
254 1276 481 1317 literarum.
504 1279 610 1330 Quae
631 1290 780 1330 magna
797 1277 934 1317 virtus
945 1279 1052 1317 adeo
1072 1292 1159 1318 rara
1181 1284 1243 1318 est
1263 1279 1307 1318 in
1328 1277 1605 1330 magnatibus,

142 1343 376 1396 prasertim
402 1342 484 1383 hoc
513 1344 683 1389 saeculo,
711 1352 754 1383 ut
777 1344 812 1383 si
834 1343 929 1396 quis
956 1344 1015 1383 ita
1042 1347 1301 1396 compositus
1322 1344 1375 1384 sit
1398 1350 1441 1383 ut
1460 1351 1499 1383 et
1521 1343 1609 1396 ipse

141 1407 389 1451 eruditionis
406 1409 557 1450 famam
582 1416 726 1463 captet
756 1417 796 1450 et
825 1411 918 1463 ejus
946 1419 1151 1451 amatores
1181 1424 1259 1450 suo
1289 1410 1430 1449 fauore
1459 1422 1606 1461 prose·

141 1481 308 1529 quatur,
330 1475 398 1515 hic
418 1489 502 1516 non
521 1477 659 1516 solum
681 1476 840 1528 suspici
867 1489 1117 1529 magnopere
1142 1485 1356 1522 mereatur,
1390 1475 1463 1515 sed
1483 1475 1608 1515 etiam

139 1540 339 1582 laudibus
365 1542 406 1581 in
437 1543 606 1589 coelum,
630 1549 676 1582 ut
698 1543 756 1582 ita
777 1542 932 1591 dicam,
955 1542 1110 1583 efferri.
1134 1544 1276 1595 Quare
1297 1542 1480 1593 gratulor
1500 1540 1606 1581 His-

140 1606 278 1660 paniae
306 1613 465 1654 vestrae,
497 1622 590 1660 quae
622 1614 679 1655 te,
712 1609 776 1648 vir
796 1609 1059 1654 doctissime,
1083 1610 1199 1653 tulit,
1223 1619 1452 1660 precorque
1472 1607 1608 1646 Deum
1659 1633 1669 1638 -

140 1678 231 1726 opt.
260 1676 374 1715 max.
396 1679 441 1714 ut
459 1680 501 1714 te
526 1675 600 1715 diu
622 1682 841 1714 conseruet
871 1675 1128 1714 incolumem
1161 1682 1290 1725 utque
1320 1686 1436 1712 serus
1464 1685 1536 1712 eas
1563 1673 1608 1712 in

138 1739 308 1780 coelum.
330 1741 423 1792 Ago
442 1747 581 1780 autem
601 1752 767 1779 rursum
787 1738 866 1779 t=bi
889 1740 1042 1791 gratias
1071 1753 1179 1792 quas
1198 1738 1332 1778 debeo
1354 1751 1427 1790 pro
1447 1736 1606 1777 Conci—

138 1802 291 1847 liorum
309 1806 597 1847 voluminibus
627 1819 720 1858 quae
750 1806 804 1845 ad
834 1819 902 1845 me
932 1805 1101 1846 mittere
1125 1804 1352 1845 destinasti.
1378 1803 1604 1844 Remittam

141 1883 307 1912 summa
323 1872 407 1912 fide
426 1879 467 1912 et
486 1872 704 1924 diligentia
733 1872 842 1912 duos
871 1873 1042 1912 codices
1064 1871 1135 1925 qui
1156 1872 1324 1910 suerunt
1345 1870 1445 1911 olim
1464 1870 1603 1910 cardi-

138 1937 246 1978 nalis
264 1939 490 1991 Quiroguae
505 1953 554 1979 ac
569 1939 684 1986 dein,
702 1940 744 1980 ni
765 1939 901 1986 fallor,
921 1938 1059 1991 magni
1082 1939 1195 1978 illius
1213 1937 1383 1976 Antonii
1403 1937 1600 1989 Angusti-

136 2003 184 2045 ni
199 2004 508 2057 archiepiscopi
528 2005 711 2046 Tarraco
719 2006 881 2046 nensis.
903 2006 1028 2045 Certe
1047 2004 1213 2044 illorum
1243 2003 1494 2043 mentionem
1513 2003 1600 2043 fieri

137 2068 228 2111 vidi
247 2070 290 2111 in
309 2071 501 2123 catalogo
522 2071 724 2112 librorum
743 2073 835 2124 ejus
855 2071 969 2111 edito
990 2071 1057 2118 (2).
1499 2107 1505 2113 r

191 2137 284 2189 Ago
311 2151 477 2191 quoque
507 2137 583 2178 tibi
611 2138 777 2189 gratias,
808 2138 870 2177 vir
890 2139 1065 2190 optime,
1091 2150 1164 2189 pro
1185 2136 1328 2175 labore
1349 2149 1473 2188 quem
1494 2136 1537 2176 in
1557 2142 1599 2176 te

136 2204 349 2256 suscipere
385 2203 556 2244 voluisti
589 2203 865 2257 conquirendi
904 2204 1091 2255 synodos
1128 2203 1322 2244 Goenses
1353 2202 1407 2240 de
1440 2201 1594 2252 quibus

134 2275 235 2310 ante
250 2269 306 2309 ad
324 2277 366 2310 te
386 2270 551 2323 scripsi,
574 2284 667 2324 quae
685 2284 781 2311 cum
801 2270 926 2311 editae
951 2271 1089 2322 primo
1116 2269 1267 2308 fuerint
1295 2267 1424 2308 latine
1444 2282 1492 2308 ac
1513 2268 1591 2308 de-

182 2454 235 2502 (ι)
285 2454 411 2492 Antes
436 2455 555 2492 habia
581 2456 723 2492 escrito
750 2456 897 2493 Baluze
925 2456 1068 2492 literas
1093 2467 1196 2504 quas
1221 2457 1277 2492 ad
1303 2467 1365 2492 me
1380 2456 1542 2502 dedisti,
1563 2468 1587 2503 y

134 2512 303 2561 &sputis
331 2514 380 2550 de
409 2514 534 2552 haber
564 2515 778 2553 sustituido
810 2515 1027 2565 epistolam
1058 2522 1169 2551 tuam
1198 2516 1357 2558 datam,
1390 2515 1483 2563 dejo
1515 2527 1587 2562 por

131 2570 323 2611 descuido
339 2573 380 2611 in
398 2575 540 2623 quibus
556 2587 607 2612 en
622 2587 691 2612 vez
708 2577 757 2612 de
777 2575 817 2613 in
836 2587 934 2626 qua.

179 2633 234 2682 (2)
282 2633 334 2670 Se
351 2634 487 2671 refiere
512 2636 656 2672 Baluze
675 2636 711 2672 al
732 2637 843 2672 mim.
865 2638 936 2682 258
955 2635 1016 2671 del
1036 2636 1218 2683 catalogo
1245 2634 1293 2672 de
1321 2636 1584 2672 manuscritos

129 2691 180 2732 de
193 2693 240 2730 D.
259 2693 438 2731 Antonio
452 2695 624 2742 Agusrin
641 2697 899 2744 (Tarragona‚
923 2696 1024 2741 ¹58&
1043 2695 1256 2741 reimpreso
1267 2706 1316 2732 en
1333 2696 1367 2731 el
1384 2706 1495 2732 tomo
1508 2696 1582 2731 VII

129 2751 180 2791 de
194 2752 252 2790 las
267 2754 385 2790 obi-as
402 2755 450 2792 de
468 2765 548 2792 este
571 2757 718 2803 autor),
739 2769 761 2804 y
779 2768 880 2805 cuya
900 2755 1144 2802 descripcion
1164 2756 1284 2792 acaba
1306 2757 1377 2791 asi:
1411 2755 1578 2791 «Conci-

127 2810 180 2851 lia
202 2814 278 2851 XX
303 2814 568 2862 hispaniensia
595 2827 714 2863 supra
742 2825 878 2853 notata
903 2827 950 2852 ex
970 2815 1133 2851 vetustis
1152 2815 1359 2852 codicibus
1384 2814 1578 2861 descripta

126 2871 246 2918 missa
257 2873 368 2912 fuere
380 2874 430 2911 ad
443 2875 678 2923 Gregorium
691 2876 785 2912 Xlll
800 2886 846 2924 pa
855 2887 941 2923 pam
957 2887 978 2911 a
998 2875 1163 2923 Gaspari
1180 2876 1357 2924 Quiroga
1363 2901 1440 2913 .....
1454 2874 1573 2912 Joan-

125 2943 178 2972 ne
202 2933 378 2983 Baptista
404 2935 563 2974 Perezio
588 2936 785 2973 canonico
812 2936 1002 2977 toletano,
1022 2935 1107 2972 viro
1129 2936 1300 2983 erudito,
1321 2935 1571 2973 collectore.»

1311 3007 1332 3031 2
