1786 3198
253 226 334 266 400
719 223 888 250 EDUARD
917 222 1122 251 BOEHMER

263 303 497 362 Respondet
520 302 670 344 litteris
692 301 895 344 Damasci
919 314 941 344 1
968 302 1098 347 Febr.
1121 302 1243 347 datis.
1264 303 1513 358 Caballero‚
1540 304 1661 348 Con-

199 392 366 436 quenses
388 376 564 426 ilustres,
590 378 624 417 t.
652 373 739 425 IV,
759 377 808 430 p.
838 375 929 429 408
952 389 1010 431 sq.
1651 366 1654 368 ’

259 451 304 493 S.
331 463 370 504 p.
437 450 538 491 Non
562 452 630 488 est
653 460 732 488 cur
753 460 898 501 neque
921 461 1006 502 ego
1028 448 1147 502 apud
1169 453 1214 490 te
1235 462 1378 503 neque
1395 454 1445 492 tu
1462 437 1661 494 vicissim

198 524 317 579 apud
342 537 412 564 me
435 520 639 576 pluribus
664 519 810 562 verbis
839 525 1036 575 utamur,
1072 534 1174 563 cum
1210 527 1316 564 nota
1348 522 1666 578 explorataque

198 596 374 650 utrique
396 599 604 636 nostrum
628 592 686 634 sit
709 597 870 635 mutua
893 593 990 635 haec
1013 593 1128 636 inter
1149 608 1232 636 nos
1261 595 1571 638 benevolentia
1591 597 1663 638 vel

199 669 349 725 potius
373 680 472 709 mea
494 666 540 707 in
574 671 618 706 te
651 664 810 720 pietas,
848 679 985 720 quarn
1020 665 1072 718 si,
1104 671 1153 708 ut
1186 667 1338 709 animo
1372 668 1571 722 concepi,
1598 667 1663 710 ita

200 747 277 784 aut
299 739 446 782 verbis
469 736 715 791 exprimere
737 742 815 779 aut
838 737 1049 792 operibus
1068 738 1356 794 comprobare
1372 739 1566 791 daretur,
1592 746 1665 783 sat

198 813 290 855 scio
323 811 492 853 diceres
522 822 599 864 spe
632 815 711 852 tua
744 815 788 852 te
824 814 900 851 aut
932 810 1143 864 opinione
1179 811 1366 854 minime
1386 811 1663 866 *frustratum

199 899 312 928 esse.
340 884 487 940 Quam
513 881 624 924 mihi
645 881 810 924 fuerint
825 887 915 925 tuae
934 882 1097 925 litterae
1114 882 1403 939 gratissimae,
1424 885 1531 940 quid
1550 900 1666 942 opus

197 963 266 1000 est
288 956 433 999 dicere
455 968 559 997 cum
582 954 662 997 tibi
687 960 969 1010 compertum
994 955 1053 998 sit
1076 969 1166 1010 quo
1198 956 1361 1001 affectu
1395 964 1475 1001 tua
1507 958 1666 1002 omnia

198 1045 280 1086 ego
303 1029 536 1072 exosculor
559 1027 906 1083 suspiciamque.

259 1105 330 1146 De
354 1102 623 1145 Lalemanto
649 1100 761 1144 nihil
785 1106 852 1143 est
874 1102 993 1156 quod
1021 1101 1210 1144 ulterius
1239 1102 1296 1144 ad
1318 1107 1362 1144 te
1386 1102 1595 1146 scribam.
1624 1103 1666 1147 O

200 1190 335 1232 quam
374 1175 464 1217 alte
501 1175 779 1216 exclamares
811 1174 865 1230 si,
904 1188 1003 1229 quae
1030 1172 1108 1216 hie
1144 1174 1313 1229 passim
1351 1175 1574 1227 videmus,
1613 1182 1664 1219 tu

201 1262 379 1304 quoque
401 1260 620 1290 cerneres·
648 1246 803 1289 Habet
825 1247 965 1301 pestis
988 1247 1065 1290 illa
1086 1247 1163 1302 qui
1186 1247 1250 1290 illi
1284 1247 1555 1302 patrocinari
1579 1262 1663 1290 au—
1705 1232 1708 1235 Α

200 1323 338 1366 deant
359 1334 557 1375 quosque
580 1319 706 1362 illum
730 1319 966 1362 defendere
990 1334 1081 1362 non
1106 1320 1287 1374 pudeat,
1314 1326 1359 1362 et
1391 1326 1543 1363 tamen
1565 1334 1667 1364 sese

202 1396 248 1438 hi
272 1394 403 1437 nobis
426 1399 475 1436 ut
498 1392 722 1435 semideos
744 1392 996 1436 venditant.
1025 1392 1112 1434 Sed
1148 1392 1252 1447 quid
1283 1391 1441 1434 facias?
1475 1392 1549 1434 Ita
1571 1405 1667 1435 ma-

196 1469 317 1525 jores
340 1467 484 1510 nostri
507 1467 732 1517 vixerunt,
761 1466 822 1508 ita
855 1465 984 1508 nobis
1012 1465 1259 1507 vivendum
1285 1470 1368 1516 est3
1399 1464 1518 1507 hanc
1545 1464 1667 1507 orbis

207 1541 437 1585 miseriam
462 1540 800 1594 caecitatemque
829 1538 940 1581 ferre
972 1538 1116 1580 coacti
1147 1543 1268 1588 sunt,
1304 1552 1356 1580 ea
1391 1537 1520 1580 nobis
1549 1537 1667 1581 veli-

210 1629 313 1659 mus
336 1614 532 1657 nolimus
554 1613 786 1655 toleranda
808 1617 891 1654 est.
916 1611 1020 1654 Non
1045 1611 1198 1653 dubito
1221 1615 1432 1665 patronos
1464 1609 1664 1665 ejusdem

200 1688 357 1731 farinae
381 1701 494 1738 esse,
522 1686 617 1737 sed,
644 1685 750 1741 quia
771 1684 971 1740 ejusdem
996 1683 1151 1726 farinae
1175 1690 1295 1732 sunt,
1329 1696 1469 1738 neque
1497 1682 1562 1725 illi
1584 1697 1665 1726 ne-

203 1775 286 1815 que
309 1759 387 1803 ulli
412 1757 675 1801 mortalium
701 1758 813 1800 bene
841 1757 999 1800 volunt
1031 1756 1119 1799 nisi
1150 1756 1233 1798 sibi
1264 1756 1388 1812 ipsis,
1414 1770 1558 1811 neque
1579 1770 1666 1811 pa-

196 1834 478 1877 trocinantur
503 1832 797 1880 Lalemanto,
824 1831 902 1873 sed
924 1830 1102 1885 propria
1135 1829 1304 1871 scelera
1335 1828 1380 1871 in
1405 1829 1664 1872 Lalemanti

198 1921 336 1950 causa
357 1911 559 1948 tuentur.
588 1902 834 1946 Hominem
869 1915 1109 1961 evasurum
1145 1901 1349 1956 arbitror,
1384 1915 1473 1943 non
1507 1906 1663 1945 tamen

197 1980 244 2022 in
268 1980 419 2022 aulam
446 1977 639 2021 Caesaris
661 1975 870 2030 deinceps
893 1974 1158 2017 admittetur
1185 1973 1365 2016 etiamsi
1389 1973 1593 2025 evaserit,
1620 1973 1665 2017 id

202 2052 323 2095 enim
354 2050 522 2095 Caesari
551 2050 780 2092 decretum
817 2053 903 2091 est.
935 2047 1066 2104 Quod
1105 2047 1150 2088 in
1186 2060 1289 2088 eum
1328 2046 1547 2103 scripsisti
1581 2045 1667 2090 fuit

200 2130 318 2168 certe
343 2129 388 2166 et
414 2121 695 2166 Cancellario
729 2127 773 2164 et
806 2120 965 2163 amicis
998 2119 1208 2162 omnibus
1236 2119 1563 2175 gratissimum,
1595 2123 1665 2162 est

202 2197 320 2239 enim
346 2202 391 2238 et
420 2195 615 2250 lepidum
645 2199 688 2235 et
720 2198 929 2248 argutum
960 2197 1004 2234 et
1032 2192 1112 2234 tali
1142 2191 1237 2233 viro
1267 2191 1470 2246 dignum.
1502 2191 1666 2236 Cetera

205 2283 304 2324 quae
327 2268 565 2324 polliceris,
592 2266 850 2310 avidissime
874 2271 1074 2320 expecto.
1094 2263 1401 2307 Gravissimus
1419 2264 1506 2306 mei
1526 2264 1664 2321 Joan-

200 2341 270 2383 nis
293 2340 475 2383 morbus
498 2339 646 2382 effecit
670 2345 718 2381 ut
741 2351 883 2392 neque
906 2338 1136 2391 dialogum
1161 2336 1214 2378 de
1237 2341 1371 2390 capta
1394 2336 1500 2378 urbe
1518 2350 1666 2392 neque

198 2413 415 2456 rationem
438 2411 680 2467 singularis
703 2409 966 2453 certaminis
987 2410 1042 2451 ad
1065 2414 1109 2451 te
1132 2409 1310 2450 mittere
1343 2407 1528 2462 possim,
1555 2422 1663 2451 nam

198 2484 339 2527 alium
379 2496 702 2526 amanuensem
741 2482 836 2524 suis
868 2481 1029 2524 duellis
1061 2480 1299 2534 occupavit
1335 2479 1660 2523 Cancellarius.

198 2557 335 2598 Dolet
354 2570 424 2598 me
447 2556 565 2610 quod
586 2561 716 2597 tuum
739 2554 954 2609 judicium
979 2568 1032 2596 ea
1054 2553 1100 2595 in
1125 2567 1173 2595 re
1192 2552 1355 2594 habere
1373 2566 1564 2607 nequeo,
1585 2553 1665 2597 sed

197 2628 310 2671 nihil
325 2628 526 2671 fortassis
547 2629 708 2671 horum
728 2627 863 2670 exibit
880 2640 1112 2682 quousque
1129 2625 1292 2668 iterum
1312 2625 1470 2668 venias
1487 2626 1542 2669 ad
1559 2639 1662 2669 nos,

199 2700 340 2743 Vides
363 2714 496 2754 quam
521 2701 808 2756 aequissimus
831 2699 962 2742 fuerit
984 2700 1183 2756 optimus
1217 2699 1344 2740 Deus
1378 2698 1466 2741 mei
1496 2697 1664 2754 dialogi

197 2771 377 2822 vindex,
403 2773 478 2826 qui
510 2774 830 2816 Lalemantum
865 2772 911 2815 in
945 2785 1166 2814 carcerem
1202 2769 1334 2813 trusit
1367 2775 1411 2813 et
1442 2769 1663 2814 Nuntium

198 2843 433 2886 Pontificis
455 2844 684 2899 repentina
707 2850 850 2887 morte
873 2843 1023 2899 rapuit
1046 2849 1095 2886 ut
1118 2857 1174 2886 ne
1206 2842 1338 2885 rebus
1367 2841 1547 2896 quidem
1570 2842 1668 2886 suis

198 2915 436 2972 disponere
459 2916 662 2970 quiverit.
691 2917 805 2960 Haec
826 2921 933 2959 sunt
958 2916 1045 2959 Dei
1064 2914 1251 2971 judicia,
1289 2914 1356 2958 sic
1387 2914 1536 2957 solent
1567 2928 1663 2970 poe·
