1846 3224
391 248 438 288 18
878 259 916 286 Λ.
951 255 1241 285 MOREL-FATlo

323 339 420 379 inde
439 350 568 377 versae
591 335 633 375 in
656 334 842 386 linguam
873 332 1154 380 lusitanicam,
1176 331 1295 372 vides
1321 331 1466 384 quanti
1495 345 1586 372 mea
1615 332 1779 374 intersit

324 405 416 445 illas
435 404 589 444 habere
610 415 658 441 ea
679 400 821 452 lingua
841 414 922 453 qua
943 399 1077 452 primo
1098 397 1264 450 scriptae
1282 397 1460 439 fuerunt.

379 471 479 509 Post
499 469 667 507 missam
691 480 813 518 porro
833 467 886 506 ad
912 472 952 505 te
974 465 1160 505 ultimam
1190 464 1412 516 epistolam
1443 478 1590 513 meam,
1621 464 1777 506 Domi-

323 551 402 577 nus
439 536 625 575 Pellotus
659 533 710 572 ad
748 546 815 572 me
846 532 958 572 misit
987 531 1223 572 Concilium
1254 530 1484 571 secundum
1517 530 1777 584 provinciale

323 602 633 654 Ulysiponense
662 598 849 639 habitum
879 613 988 639 auno
1019 596 1310 639 MDLXXIV.
1342 597 1412 637 Ex
1438 610 1521 650 quo
1541 597 1776 638 necessario

323 668 470 718 collegi
488 666 599 705 aliud
619 679 702 704 non
721 665 780 704 ita
794 667 927 705 multo
943 671 1037 704 ante
1056 664 1243 704 habitum
1266 663 1353 703 illic
1369 663 1495 704 fuisse
1517 663 1774 712 Concilium,

322 735 442 786 cujus
475 733 589 773 nul-la
620 731 730 783 apud
760 745 837 771 nos
868 731 1025 771 mentio
1052 738 1180 772 extat.
1212 731 1267 770 Et
1296 729 1402 770 illud
1431 743 1598 783 quoque
1625 730 1679 770 ad
1708 743 1776 770 me

323 801 428 841 mitti
463 799 645 851 postulo,
683 797 746 837 vir
779 798 992 837 literarum
1028 797 1325 844 amantissime,
1359 797 1394 837 si
1431 796 1602 849 reperiri
1641 796 1776 850 possit

322 868 501 918 itemque
531 863 802 904 Valentinum
831 864 1021 904 habitum
1050 864 1160 903 circa
1190 877 1345 903 annum
1375 862 1606 904 MDLXX.
1635 863 1776 915 Cupio

320 932 430 972 enim
446 929 669 970 editionem
686 943 873 970 meorum
892 930 1178 970 Conciliorum
1197 943 1320 982 quam
1338 929 1474 980 primo
1494 943 1659 982 quoque
1673 935 1776 970 tem-

321 1011 419 1050 pore
450 996 715 1036 inchoaturus
735 1009 842 1043 sum‚
865 1009 958 1036 esse
978 996 1334 1036 absolutissimam
1365 1001 1566 1049 quantum
1585 995 1676 1036 fieri
1695 1009 1773 1048 po-

321 1064 431 1104 terit.
456 1065 593 1115 Atque
613 1061 953 1115 quandoquidem
975 1075 1019 1101 se
1040 1063 1206 1102 occasio
1227 1062 1393 1108 obtulit,
1411 1061 1550 1102 dicam
1572 1061 1663 1111 tibi,
1686 1061 1775 1102 Ex-

321 1129 616 1170 cellentissime
631 1127 827 1176 Domine,
847 1128 946 1181 quid
962 1128 1062 1168 mihi
1083 1143 1165 1168 non
1188 1128 1244 1168 ita
1260 1128 1423 1180 pridem
1438 1127 1638 1170 euenerit.
1662 1128 1771 1168 Cum

320 1197 555 1238 evolverem
575 1193 737 1252 aliquot·
760 1194 1071 1234 vetustissimos
1101 1194 1270 1235 codices
1301 1194 1566 1235 bibliothecae
1582 1193 1770 1236 'Colber-

320 1264 431 1310 tinae,
463 1261 505 1301 in
540 1274 668 1300 unum
699 1260 902 1313 optimum
937 1261 1066 1300 incidi
1102 1261 1174 1314 qui
1201 1261 1277 1300 fuit
1306 1260 1405 1301 olim
1436 1259 1696 1300 celeberrimi
1724 1273 1773 1300 ac

319 1328 548 1370 doctissimi
569 1327 646 1367 viri
666 1326 832 1367 Nicolai
853 1326 982 1366 Fabri
1005 1326 1072 1374 (1),
1092 1327 1162 1379 qui
1183 1340 1237 1367 ex
1257 1340 1306 1366 eo
1324 1326 1438 1366 varia
1457 1325 1633 1366 illustria
1652 1331 1771 1366 vete-

318 1397 375 1436 ris
394 1395 472 1436 aevi
494 1400 763 1434 monumenta
783 1394 1006 1446 descripsit
1026 1401 1065 1434 et
1085 1395 1139 1434 ad
1166 1393 1499 1434 illustrissimum
1517 1392 1773 1434 cardinalem

317 1462 543 1502 Batonium
573 1459 702 1506 misit,
725 1474 748 1499 a
769 1474 851 1512 quo
882 1460 994 1500 edita
1025 1466 1134 1508 sunt,
1157 1460 1201 1500 id
1222 1468 1285 1500 est
1306 1459 1508 1512 epistolas
1533 1465 1618 1500 tres
1645 1459 1773 1500 Pela-

317 1529 371 1580 gii
391 1529 430 1567 II
450 1527 503 1567 ad
525 1526 747 1578 episcopos
770 1526 915 1572 Istriae,
939 1526 1160 1576 epistolam
1186 1526 1480 1578 episcoporum
1499 1524 1771 1566 Venetiarum

319 1602 358 1634 et
378 1593 550 1633 Rhaetiae
570 1592 766 1632 secundae
786 1593 839 1632 ad
861 1592 1103 1632 Mauritium
1131 1592 1422 1643 imperatorem
1444 1598 1485 1631 et
1505 1590 1772 1633 collationem

319 1660 504 1700 habitam
535 1659 903 1710 Constantinopoli
934 1673 1029 1698 cum
1060 1658 1299 1699 Seuerianis
1331 1664 1522 1711 tempore
1548 1658 1773 1712 Justiniani

319 1726 580 1780 imperatoris
601 1739 650 1765 ac
669 1727 870 1765 nonnulla
889 1725 984 1766 alia.
1009 1727 1165 1766 Verum
1193 1725 1393 1765 omissum
1422 1725 1476 1765 ab
1501 1738 1552 1766 eo
1576 1731 1640 1766 est
1664 1725 1773 1766 insi-

317 1805 395 1845 gne
415 1793 527 1832 aliud
549 1792 770 1844 magnique
798 1791 998 1831 momenti
1029 1793 1280 1843 opusculum
1300 1791 1412 1844 quod
1432 1796 1544 1832 extat
1565 1791 1607 1832 in
1625 1792 1774 1834 eodem

317 1858 476 1905 codice,
498 1857 769 1898 constitutum
786 1871 936 1909 nempe
958 1856 1103 1909 Vigilii
1123 1871 1245 1910 papae
1268 1871 1343 1910 pro
1360 1857 1631 1898 damnatione
1650 1858 1775 1900 trium

317 1924 607 1977 capitulorum.
625 1923 726 1964 Noti
749 1930 843 1963 sunt
860 1923 1022 1963 labores
1044 1923 1166 1963 istius
1186 1923 1398 1975 pontificis
1416 1923 1460 1964 in
1480 1937 1606 1965 causa
1625 1924 1775 1966 horum

318 1990 610 2043 capitulorum,
633 2003 725 2042 quae
744 1989 930 2040 pericula
951 1988 1111 2036 adierit,
1135 2002 1239 2041 quas
1267 2003 1484 2030 aerumnas
1514 1989 1771 2032 sustinuerit.

320 2057 374 2095 Et
406 2057 540 2109 primo
574 2055 744 2108 quidem
784 2055 856 2094 illa
890 2055 1123 2102 damnavit,
1161 2054 1258 2095 dein
1297 2056 1500 2104 defendit,
1543 2063 1769 2110 postremO,

320 2129 539 2175 postquam
560 2123 631 2162 lux
653 2121 840 2161 veritatis
862 2121 925 2161 illi
947 2121 1120 2166 affulsit,
1139 2122 1359 2161 damnavit
1376 2123 1591 2164 definitiva
1607 2132 1774 2165 senten-

319 2189 390 2236 tia,
414 2204 534 2240 quam
556 2194 595 2228 et
615 2195 836 2240 sequentes
859 2187 1079 2239 pontifices
1103 2194 1141 2228 et
1163 2188 1383 2227 universus
1409 2188 1538 2235 orbis,
1562 2189 1599 2229 si
1620 2203 1774 2243 paucas

321 2254 548 2293 occidentis
581 2253 818 2306 provincias
851 2253 1052 2304 excipias,
1090 2254 1274 2306 amplexi
1309 2260 1420 2294 sunt.
1465 2254 1549 2295 Sed
1582 2256 1776 2309 quamvis

321 2319 440 2359 istius
469 2319 684 2359 sententiae
712 2321 823 2359 clara
852 2325 892 2359 et
922 2327 1063 2371 aperta
1084 2325 1270 2359 veterum
1299 2320 1537 2361 testimonia
1565 2327 1796 2371 extarent,-

321 2399 369 2425 ea
388 2392 528 2425 tamen
548 2388 733 2425 nondum
754 2385 923 2437 prodiit,
947 2385 1160 2437 proditura
1180 2387 1349 2426 nuncin
1370 2392 1488 2428 tomo
1506 2387 1644 2440 primo
1664 2402 1775 2428 meo-

322 2464 412 2490 rum
434 2452 714 2491 Conciliorum
736 2465 831 2491 cum
850 2451 1010 2504 aliquot
1030 2452 1222 2504 epistolis
1237 2452 1381 2504 Vigilii
1404 2453 1457 2493 ad
1476 2454 1652 2494 eandem
1673 2467 1775 2494 cau-

322 2530 410 2556 sam
429 2518 731 2568 pertinentibus
751 2531 843 2571 quae
862 2518 1064 2557 hactenus
1083 2532 1249 2571 quoque
1270 2519 1479 2559 latuerunt
1498 2518 1613 2560 viros
1633 2519 1774 2559 erudi-

321 2589 400 2622 tos.
433 2582 537 2622 Haec
565 2583 676 2635 apud
705 2589 762 2631 te,
786 2582 972 2623 Marchio
1002 2583 1388 2633 Excellentissime,
1418 2590 1464 2625 ut
1493 2584 1607 2638 apud
1637 2584 1776 2627 virum

323 2649 489 2688 doctum
522 2654 563 2688 et
596 2649 666 2701 qui
693 2649 814 2690 facile
843 2649 1054 2701 intelliges
1088 2650 1233 2702 quanti
1266 2650 1468 2692 momenti
1497 2650 1550 2692 sit
1573 2650 1655 2692 ista
1673 2652 1772 2693 vul-

321 2727 416 2766 gare
436 2714 478 2754 in
498 2714 723 2766 publicam.

369 2863 420 2910 (ι)
470 2863 519 2899 ΕΙ
537 2863 730 2900 conoeido
750 2864 912 2912 filologo
927 2863 1086 2901 Nicolas
1102 2865 1266 2903 Lefevre
1282 2866 1541 2913 (1514-1612).
1557 2864 1690 2914 amigo
1709 2865 1774 2903 del

321 2923 515 2960 Cardenal
543 2923 732 2961 Baronio.
758 2925 803 2959 El
822 2924 958 2961 codice
985 2936 1063 2972 que
1091 2926 1167 2962 cita
1202 2921 1455 2964 Baluze'esta
1483 2926 1561 2974 hoy
1579 2937 1629 2963 en
1648 2926 1684 2962 la
1705 2927 1771 2963 Bi-

322 2983 489 3019 blioteca
510 2982 703 3019 Nacional
723 2983 769 3019 de
791 2985 896 3020 Paris
915 2984 1066 3030 (Fonds
1084 2985 1212 3034 latin„
1240 2987 1363 3035 1682).
