1786 3198
246 208 324 261 398
707 217 876 245 EDUARD
906 217 1111 246 noenum

249 298 443 342 Pratensi
463 302 499 340 et
522 284 1062 341 Graiivellae¹1nandaverat
1094 297 1238 342 Caesar
1260 302 1305 340 ut
1329 297 1522 341 Valdesii
1543 297 1646 340 clia—

189 374 336 430 logum
369 372 415 414 de
446 375 567 427 capta
594 372 735 413 Roma
762 371 1060 415 examinarent.
1092 371 1346 422 Caballero,
1379 369 1641 426 Conquenses

190 447 366 496 ilustres,
396 446 476 493 IV,
499 447 544 500 p.
562 445 664 499 433.
689 443 912 487 Caballero
930 445 1068 487 vertit.-
1087 444 1127 487 el
1145 444 1302 487 doctor
1319 444 1373 487 de
1388 443 1535 486 Praet.
1555 444 1646 486 Hic
1671 433 1681 443 ⁸

186 522 248 560 est
277 517 416 560 Louis
449 517 501 559 de
537 516 744 567 Flandre,
773 525 826 560 ss
849 516 903 559 de
927 517 1077 569 Praet,
1104 531 1222 573 quem
1254 517 1397 560 Caesar
1428 530 1518 559 vere
1539 515 1647 559 anni

193 604 306 647 1529
330 592 514 632 Romam
537 589 651 632 misit
672 590 778 632 unde
802 589 963 632 litteras
991 590 1153 647 scripsit
1174 604 1275 646 quas
1297 589 1431 632 edidit
1451 591 1575 632 Lanz
1595 589 1642 632 in

191 662 556 718 Correspondenz
574 663 651 704 des
665 662 847 705 Kaisers
862 663 968 705 Karl
984 663 1042 713 V,
1064 664 1222 705 Erster
1239 663 1386 714 Band,
1404 667 1450 719 p.
1473 663 1561 706 318
1578 677 1646 719 sq.

248 807 297 851 S.
364 808 438 850 Ita
455 821 511 849 ne
526 807 617 849 tuis
639 821 711 850 me
734 807 920 850 subinde
943 807 1111 850 deliciis
1130 807 1349 860 onerabiS‚
1369 806 1431 850 mi
1457 807 1643 851 Dantis-

184 895 254 932 ce,
301 879 641 936 epigrammatis
679 879 1023 936 epigrammata,
1059 885 1104 922 et
1136 879 1338 923 carmina
1374 878 1650 922 carminibus

184 954 354 996 addens
376 967 475 1008 quae
499 967 589 995 non
613 967 741 995 secus
763 953 818 995 ab
846 953 959 996 istoc
983 958 1161 1008 pectore
1189 966 1325 1008 quam
1359 967 1386 995 a
1420 951 1650 996 montibus

184 1026 333 1069 fluunt
356 1026 558 1071 flumina.
587 1027 796 1069 Emoriar
825 1027 871 1069 ni
903 1027 948 1070 id
981 1027 1129 1082 ipsum
1153 1027 1270 1081 quod
1298 1026 1455 1069 scribis
1477 1026 1531 1075 de
1556 1025 1648 1069 Ca-

186 1107 289 1141 tone
311 1105 464 1141 nostro
490 1098 599 1141 mihi
623 1113 948 1154 persuaseram,
965 1105 1058 1142 tam
1079 1098 1130 1147 (1)
1151 1105 1218 1141 est
1243 1099 1353 1141 mihi
1378 1104 1539 1142 notum
1563 1098 1644 1141 ho-

188 1172 322 1214 minis
358 1171 591 1226 ingenium
625 1172 817 1215 nimium
852 1172 899 1215 ni
931 1172 1060 1215 fallor
1089 1178 1279 1227 agreste,
1308 1172 1385 1214 sed
1415 1186 1472 1214 ne
1494 1177 1543 1215 tu
1568 1170 1644 1214 ni-

186 1245 328 1287 mium
362 1245 574 1300 prodigus
607 1260 655 1288 es
688 1245 763 1301 qui
795 1253 897 1288 tuas
926 1246 1108 1288 delicias
1141 1245 1204 1288 sic
1237 1244 1459 1296 effundas,
1487 1245 1574 1296 vel,
1607 1244 1646 1288 si

183 1318 330 1360 dicere
352 1317 418 1360 fas
441 1323 523 1374 est⁷
550 1319 714 1361 stultus
737 1319 810 1374 qui
845 1319 1110 1375 margaritas
1143 1318 1336 1377 proicias
1359 1318 1523 1374 porcis.
1549 1318 1647 1362 Lit-

182 1399 290 1433 terae
312 1405 424 1445 quas
446 1405 474 1434 a
497 1406 568 1434 me
597 1392 761 1447 petiisti
785 1392 1000 1435 confeetae
1025 1399 1147 1443 sunt,
1174 1392 1434 1436 curabimus
1457 1398 1508 1436 ut
1531 1393 1643 1436 sub-

183 1463 434 1506 scribantur
455 1479 482 1506 a
506 1466 699 1508 Caesare.
726 1464 776 1508 Si
809 1465 981 1507 veneris
1003 1465 1301 1520 gaudebimus
1324 1471 1403 1508 tuo
1427 1465 1640 1517 adventu,

180 1535 253 1578 sin
278 1541 430 1578 autem
454 1551 536 1592 ego
559 1538 614 1580 ad
636 1543 679 1579 te
702 1537 791 1582 ibo.
819 1538 952 1582 Vale.

246 1608 372 1652 Tuus
397 1610 655 1675 Valdesius..

244 1682 456 1738 Sigillum
477 1698 636 1726 cereum
658 1684 848 1728 rubrum.

246 1827 293 1869 S.
362 1828 604 1883 Abegimus
628 1829 907 1880 Pratensem,
929 1827 1024 1884 jam
1049 1828 1161 1871 mihi
1191 1828 1425 1883 paululum
1454 1827 1645 1884 respira-

179 1913 227 1942 re
256 1900 373 1950 licet,
406 1916 509 1944 nam
544 1902 615 1944 his
644 1902 751 1945 totis
780 1902 935 1945 diebus
965 1917 1020 1944 ne
1050 1901 1263 1957 respiravi
1294 1901 1491 1957 quidem.
1520 1901 1638 1944 Cum

182 1973 293 2017 mihi
308 1974 560 2029 epistolium
576 1975 709 2017 simul
723 1989 826 2018 cum
843 1975 1167 2030 epigrammate
1181 1980 1308 2017 tuum
1325 1974 1468 2017 reddit
1483 1973 1634 2026 Hach,

176 2047 388 2090 sedebam
412 2049 455 2090 in
479 2048 664 2103 prandio
682 2063 784 2092 cum
806 2049 1101 2092 Cancellario.
1122 2048 1238 2091 Cum
1256 2047 1512 2103 epistolium
1535 2048 1637 2103 lego

181 2119 226 2161 in
265 2134 350 2174 quo
389 2135 544 2163 mones
582 2127 631 2164 ut
669 2121 950 2176 epigramma
982 2120 1084 2163 boni
1117 2121 1366 2169 consulam,
1404 2119 1636 2174 obstupui.

176 2192 318 2247 Quasi
342 2194 535 2236 nescires
558 2194 668 2237 nihil
695 2209 765 2236 me
788 2208 917 2249 posse
938 2208 1028 2236 non
1052 2193 1154 2236 boni
1183 2194 1415 2236 consulere
1437 2192 1557 2247 quod
1579 2205 1635 2236 ex

179 2268 223 2306 te
247 2266 565 2318 proficiscatur.
593 2267 709 2310 Cum
734 2272 887 2309 autem
911 2267 967 2309 ad
984 2265 1265 2321 epigramma
1283 2266 1430 2315 venio,
1457 2264 1549 2316 viX,
1571 2264 1640 2308 ita

178 2349 251 2378 me
276 2339 399 2380 Deus
423 2345 558 2391 amet,
585 2354 612 2382 a
633 2339 724 2382 risu
746 2344 996 2394 temperare
1019 2338 1145 2393 potui
1163 2338 1237 2380 ubi
1257 2337 1346 2380 vidi
1365 2351 1436 2380 me
1455 2351 1509 2380 ex
1526 2337 1635 2380 Val-

173 2408 299 2452 -desio
323 2412 641 2455 Lalemantum
665 2411 875 2454 effectum
899 2411 967 2454 cui
991 2425 1040 2454 os
1063 2416 1107 2453 et
1130 2410 1353 2453 clauditur
1386 2415 1430 2453 et
1453 2423 1632 2453 resera-

178 2485 253 2523 ·tur
276 2482 391 2525 offis.
419 2485 544 2528 Vale.

240 2554 370 2596 Mitto
393 2555 559 2599 litteras
583 2556 774 2600 Caesaris
796 2556 852 2599 ad
874 2562 933 2612 te,
961 2555 1061 2598 aliae
1081 2559 1233 2597 autem
1257 2567 1336 2609 pro
1359 2559 1438 2597 tuo
1462 2555 1635 2596 Baren·

173 2623 215 2665 si
238 2626 431 2669 nondum
454 2629 714 2685 subscriptae
738 2634 843 2672 sunt
866 2643 893 2672 a
917 2628 1112 2672 Caesare.
1149 2627 1323 2670 Iterum
1357 2628 1476 2671 vale.
1503 2625 1634 2671 Tuus

1179 2699 1437 2745 ValdesiuS.

240 2768 448 2825 Sigillum
470 2786 626 2814 cereum
650 2773 845 2815 rubrum.

225 2926 279 2971 (1)
331 2927 626 2975 Apographum
648 2938 746 2967 tum.
