1786 3198
236 284 288 312 22
729 280 771 308 A.
798 279 967 308 ‹MOREL-
976 277 1100 306 FA‘rlo

237 362 428 402 Primum
446 360 643 400 volumen
665 370 852 397 meorum
872 355 1176 404 Consiliorum,
1199 355 1254 396 de
1281 369 1366 410 quo
1395 356 1447 397 ad
1477 361 1516 397 te
1545 369 1638 398 res-

180 428 285 469 cribi
302 427 440 479 jubes,
465 423 832 465 Excellentissime
853 422 1049 469 Domine,
1069 422 1157 475 jam
1177 434 1327 474 magna
1354 435 1408 464 ex
1436 429 1553 476 parte
1571 423 1636 465 af-

180 494 335 534 fectum
350 498 460 533 esset
480 490 562 531 nisi
578 503 645 529 me
664 489 915 530 retardasset
932 488 1168 541 expectatio
1183 488 1402 542 cujusdam
1415 490 1635 532 collectio—

181 560 248 601 nis
275 565 461 599 veterum
490 556 759 609 epistolarum
788 569 880 608 quae
910 569 1019 594 nunc
1054 554 1097 595 in
1128 555 1277 608 Belgio
1306 557 1488 605 cuditur,
1510 571 1640 611 quarn

184 640 283 666 vero
303 626 418 665 aiunt
438 623 553 663 brevi
574 635 840 663 emersuram.
858 622 966 662 Cum
987 620 1098 661 enim
1119 620 1162 662 in
1181 621 1254 662 illa
1273 622 1476 664 contineri
1495 624 1639 666 dicant

185 693 389 746 plurimas
408 690 610 743 epistolas
627 689 682 729 ad
711 688 976 741 Ephesinum
999 687 1240 728 Concilium
1263 694 1304 730 et
1323 689 1377 730 ad
1397 690 1635 732 Chalcedo-

182 772 312 799 nense
341 756 608 810 pertinenteS,
632 767 859 807 eorumque
879 753 1045 807 copiam
1076 754 1181 795 mihi
1201 760 1298 795 ante
1317 755 1543 797 editionem
1573 757 1635 798 fa-

186 839 277 865 cere
299 823 475 864 noluerit
497 822 533 863 is
553 821 623 876 qui
643 821 739 862 illas
758 820 801 861 in
822 834 896 861 sua
917 826 1122 873 potestate
1142 821 1282 870 habet,
1300 835 1473 864 necesse
1487 829 1550 864 eet
1570 836 1644 864 me

185 891 456 944 supersedere
489 889 676 929 editione
710 901 897 929 meorum
933 888 1219 928 Conciliorum
1249 888 1383 929 donec
1414 889 1484 930 ille
1511 890 1642 932 finem

180 957 427 1010 imposuerit
446 955 761 995 commentariis
775 955 862 995 suis
881 954 933 994 ad
950 955 1120 995 easdem
1140 954 1354 1007 epistolas.
1376 956 1461 998 Sed
1480 963 1638 999 certum

184 1030 248 1065 est
273 1038 339 1064 me
358 1036 527 1063 manum
549 1021 666 1075 operi
686 1021 793 1062 serio
812 1021 1077 1062 admoturum
1097 1022 1241 1063 statim
1261 1037 1310 1064 ac
1330 1024 1528 1065 volumen
1547 1025 1645 1078 ejus

181 1090 233 1131 ad
254 1104 320 1130 me
340 1087 590 1142 pervenerit.

236 1158 342 1210 Quae
362 1156 414 1196 ad
435 1169 502 1196 me
521 1154 671 1195 scribis
690 1154 742 1195 de
761 1154 1128 1196 observationibus
1148 1155 1352 1208 Gasparis
1371 1156 1564 1198 Cardillii
1583 1157 1639 1198 ad

179 1224 293 1264 varia
312 1222 508 1270 concilia,
529 1234 613 1261 non
633 1220 804 1262 memini
823 1235 891 1261 me
910 1221 1084 1264 vidisse.
1107 1222 1207 1262 Vidi
1229 1227 1387 1262 tantum
1407 1222 1643 1265 orationem*

181 1291 272 1343 ejus
291 1290 333 1328 in
355 1287 549 1329 Concilio
564 1286 813 1328 Tridentino
831 1287 1016 1327 habitam
1032 1287 1083 1328 de
1103 1287 1234 1328 calice
1254 1301 1338 1328 non
1358 1289 1639 1341 permittendo

183 1355 300 1396 laicis
320 1361 361 1395 et
379 1354 505 1395 aliam
525 1354 578 1394 de
598 1353 766 1394 nomine
783 1354 896 1408 Jesu,
921 1367 1002 1407 que
1026 1353 1161 1394 ambae
1179 1354 1440 1408 reperiuntur
1470 1355 1512 1396 in
1542 1356 1636 1397 edi-

182 1422 295 1463 tione
323 1419 580 1462 Lovaniensi
599 1425 783 1460 actorum
804 1419 986 1461 Concilii
1017 1419 1270 1467 Tridentini,
1300 1421 1400 1461 hinc
1429 1423 1646 1465 translatae

182 1489 226 1528 in
256 1495 508 1541 postremam
537 1485 809 1526 conciliorum
840 1485 1083 1527 editionem.
1116 1485 1216 1526 Vidi
1247 1486 1370 1528 etiam
1399 1488 1642 1541 apologiam

184 1553 425 1595 indictionis
456 1551 640 1593 Concilii
669 1547 909 1592 Tridentini
941 1552 1143 1593 adversus
1171 1552 1374 1607 Joannem
1402 1554 1642 1596 Fabritium

183 1621 432 1661 Montanum
451 1619 505 1659 ad
524 1618 672 1659 eodem
692 1619 882 1671 Gaspare
906 1618 1078 1666 editam,
1101 1624 1143 1659 et
1171 1620 1358 1672 ejusdem
1379 1620 1639 1674 disputatio-

182 1700 257 1726 nes
277 1699 352 1739 pro
372 1685 546 1737 Synodo
566 1684 813 1725 Tridentina
837 1685 1038 1724 adversus
1067 1686 1415 1737 protestationem
1434 1701 1566 1728 xxxiv
1587 1687 1644 1736 (1)-

183 1753 471 1794 haereticorum
493 1754 718 1804 Augstanae
738 1751 1024 1794 confessionis.
1044 1753 1112 1792 An
1127 1751 1287 1805 aliquid
1306 1752 1422 1794 aliud
1442 1753 1641 1803 ediderit,

182 1819 289 1860 mihi
309 1820 495 1859 nondum
517 1823 777 1871 compertum
799 1824 877 1859 est.

238 1887 349 1939 Quia
368 1899 468 1925 vero
489 1885 677 1937 postulas
696 1884 861 1925 edoceri
881 1898 934 1924 an
954 1884 1047 1924 heic
1067 1884 1251 1925 Lutetiae
1271 1885 1430 1938 aliquid
1449 1885 1549 1927 novi
1568 1899 1639 1927 cu·

187 1953 306 1994 datur
327 1952 438 2005 quod
460 1951 514 1992 sit
535 1952 588 1992 de
603 1950 728 1991 rebus
742 1951 938 2003 antiquis,
956 1964 1110 1991 moneo
1129 1965 1282 1991 novam
1304 1953 1645 1994 AmmianiMar-

191 2020 322 2059 tellini
342 2018 570 2059 editionem
600 2017 680 2058 sub
708 2017 838 2069 praelo
867 2031 957 2058 esse
976 2017 1097 2069 eique
1117 2018 1335 2068 adjunctas
1355 2031 1448 2059 esse
1466 2018 1639 2059 uberio-

187 2098 253 2126 res
272 2091 392 2125 notas
412 2085 598 2124 nondum
619 2083 754 2123 editas
769 2083 1087 2135 Lindenbrogii,
1106 2083 1267 2124 Valesii
1287 2091 1329 2124 et
1348 2085 1537 2125 Marcelli
1551 2087 1645 2126 Do-

181 2152 269 2191 'nati
288 2150 356 2198 (2).
370 2151 617 2202 Propediem
635 2162 734 2189 vero
749 2150 812 2189 vir
825 2150 1133 2191 eruditissimus
1148 2152 1332 2206 Joannes
1346 2153 1636 2201 Mabillonius,

185 2216 418 2258 monachus
436 2216 752 2262 Benedictinus,
774 2216 890 2256 dabit
911 2218 1175 2270 typographo
1194 2219 1521 2259 commentarios
1540 2231 1649 2261 suos,

185 2285 239 2324 de
258 2298 301 2324 re
321 2283 589 2336 diplomatica
603 2289 804 2330 veterum,
824 2297 922 2323 sanc
935 2284 1122 2336 egregios
1143 2290 1181 2325 et
1203 2285 1380 2325 multum
1399 2285 1635 2339 expeditos.

184 2351 302 2391 Alter
320 2364 343 2390 e
363 2350 575 2391 sodalibus
594 2351 686 2403 ejus
705 2362 869 2402 semper
896 2350 1099 2390 incumbit
1129 2365 1250 2392 novae
1269 2351 1444 2392 editioni
1463 2366 1640 2405 operum

187 2417 328 2458 Sancti
350 2416 586 2469 Augustini,
610 2416 730 2468 cujus
758 2416 1048 2456 commentarii
1079 2416 1121 2457 in
1151 2418 1340 2470 psalmos
1369 2431 1479 2458 nunc
1499 2418 1635 2459 edun-

187 2491 268 2524 tur.
303 2483 370 2522 Ad
400 2495 467 2521 me
496 2482 608 2535 quod
637 2482 796 2530 attinet,
830 2482 873 2522 in
903 2482 980 2523 hoc
1010 2497 1120 2524 nunc
1150 2497 1243 2524 sum
1274 2490 1318 2524 ut
1349 2483 1393 2525 in
1422 2483 1642 2536 publicum·

187 2548 375 2590 emittam
396 2547 553 2601 aliquot
573 2549 775 2600 opuscula
802 2548 1073 2589 illustrissimi
1092 2549 1169 2590 viri
1199 2549 1312 2590 Petri
1333 2550 1386 2591 de
1406 2551 1547 2591 Marca
1565 2563 1634 2591 ar-

237 2783 288 2831 (1)
341 2782 479 2819 Todos
492 2791 596 2818 estos
610 2783 806 2820 Tratados
818 2783 866 2820 de
881 2784 1031 2831 Gaspar
1043 2785 1219 2823 Cardillo
1233 2786 1292 2823 los
1305 2785 1478 2823 describe
1493 2786 1540 2823 N.
1557 2787 1643 2823 An-

187 2843 301 2882 tonio
320 2855 369 2880 en
390 2843 424 2879 la
443 2842 700 2879 Bibliotheca
716 2855 832 2881 nova.

238 2903 290 2952 (2)
343 2904 397 2940 La
418 2902 572 2939 edicion
590 2902 637 2939 de
653 2903 823 2940 Amiano
840 2904 1069 2946 Marcelino,
1087 2907 1182 2953 aqui
1195 2906 1337 2953 citada‚
1357 2918 1396 2943 se
1414 2905 1574 2954 publico
1590 2918 1643 2944 en

189 2965 297 3000 Paris
317 2963 350 3000 el
370 2964 447 2999 aiio
467 2962 514 2998 de
539 2963 642 3007 1681,
663 2975 779 2999 como
801 2965 971 3000 rambie'n
995 2965 1028 3000 la
1047 2965 1137 3000 obi-a
1155 2966 1218 3002 De
1232 2978 1276 3002 re
1288 2964 1574 3014 diplomatica.
1590 2964 1644 3002 de

187 3024 397 3062 Mabillon-
