1786 3198
239 227 318 278 396
702 236 872 265 EDUARD
903 236 1106 268 BOEHMER

245 319 272 361 I
274 333 301 361 n
323 318 459 359 dorso:
478 314 741 359 Clarissimo
765 314 860 358 viro
886 316 948 360 D.
967 317 1132 376 Joanni
1152 318 1372 362 Dantisco
1392 317 1534 363 Ser.mi
1552 319 1645 364 Re·

185 391 255 446 gis
277 389 474 432 Poloniae
497 388 615 443 apud
639 388 865 431 Caesarem
891 389 1069 434 oratori.

247 463 384 505 Manu
411 460 629 503 Dantisci:
666 461 776 503 Dat.
815 459 1010 517 Sagunti
1045 463 1100 507 18
1132 462 1255 518 Maji,
1292 462 1384 507 red.
1421 463 1646 508 Valentiae

182 534 339 577 eodem
361 533 443 576 die.

247 678 296 722 S.
381 678 570 721 Videtur
623 677 812 721 omnino
866 677 1026 721 amicis
1073 679 1286 722 omnibus
1338 679 1646 736 impudentem

186 752 314 794 illum
338 751 539 794 libellum
564 750 922 794 Franciscanum
942 749 993 797 (1)
1011 740 1287 795 mittendum
1306 766 1404 795 esse
1426 753 1484 796 ad
1507 753 1648 796 Eras-

189 838 311 867 mum
345 837 478 879 quem
508 823 769 866 existimant
800 837 978 866 mecum
1009 825 1396 880 expostulaturum
1425 824 1464 867 si
1493 824 1647 869 minus

186 898 427 941 mitterem.
455 897 615 940 Habeo
636 896 847 940 nuntium
871 897 946 952 qui
970 897 1143 940 litteras
1168 897 1223 940 ab
1246 912 1299 941 eo
1322 897 1473 940 attulit
1496 897 1523 941 8
1546 898 1641 942 cal.

187 969 329 1025 Majas
350 970 479 1012 datas
500 970 665 1026 quique
687 975 787 1012 tuto
807 983 931 1012 meas
957 983 1004 1011 se
1023 969 1266 1012 missurum
1286 968 1540 1025 pollicetur.
1567 969 1648 1014 Li·

186 1043 353 1087 bellum
378 1049 538 1098 praeter
563 1057 665 1086 eum
690 1057 823 1099 quem
846 1057 983 1099 penes
1004 1048 1050 1085 te
1072 1041 1211 1085 habes
1234 1048 1397 1085 nactus
1419 1056 1521 1086 sum
1546 1043 1645 1086 nul-

188 1118 299 1168 lum,
325 1130 477 1172 quare,
503 1116 541 1159 si
563 1116 643 1160 tibi
680 1116 781 1159 usui
815 1130 907 1159 non
939 1122 1025 1166 est,
1051 1129 1161 1170 rogo
1194 1120 1244 1158 ut
1277 1115 1334 1158 ad
1366 1129 1437 1158 me
1471 1114 1646 1167 mittas3

184 1188 364 1232 dabitur
386 1204 412 1232 a
435 1203 507 1232 me
529 1203 665 1245 opera
695 1196 743 1232 ut
771 1203 908 1245 quam
938 1188 1135 1244 primum
1166 1189 1279 1232 alios
1301 1188 1567 1232 habeamus.
1593 1187 1643 1232 Si

186 1276 264 1318 per
285 1262 427 1305 otium
458 1262 613 1305 liceret
635 1262 835 1305 venirem
865 1262 922 1305 ad
954 1267 1015 1312 te,
1043 1260 1187 1304 habeo
1220 1260 1341 1304 enim
1366 1261 1648 1317 papistarum

187 1334 454 1390 tragoediam
478 1334 524 1377 in
548 1348 700 1378 meum
727 1334 957 1390 dialogum
982 1335 1336 1384 Romanensem,
1362 1333 1441 1376 sed
1472 1347 1565 1377 non
1586 1332 1647 1378 li·-

186 1412 274 1450 cet.
303 1408 425 1462 Ergo
448 1407 564 1452 vale.

248 1481 383 1523 1528.
409 1479 537 1523 Tuus
560 1480 820 1523 Valdesius.

252 1553 462 1610 Sigillum
484 1567 657 1597 cereum.

251 1697 300 1741 S.
365 1697 564 1755 Quaesivi
588 1697 728 1754 pridie
751 1712 777 1740 a
801 1697 1084 1741 Cancellario
1106 1711 1163 1739 an
1182 1695 1379 1738 misisset
1397 1695 1454 1738 ad
1482 1708 1530 1738 se
1554 1694 1658 1739 Cae-

187 1784 262 1812 sar
284 1776 411 1813 tuam
435 1769 716 1822 schedulam,
736 1770 919 1826 negavit
943 1785 1043 1814 eam
1064 1769 1234 1813 ‚vidisse
1255 1783 1319 1820 se,
1347 1767 1526 1812 narravi
1548 1766 1655 1822 quid

190 1856 245 1884 ea
267 1843 531 1892 contineret,
561 1844 786 1899 pollicitus
814 1849 882 1887 est
912 1858 959 1886 se
989 1857 1172 1886 ornnem
1206 1855 1388 1897 operam
1421 1840 1654 1886 daturum.

192 1916 503 1959 Veruntamen
526 1930 578 1959 eo
601 1917 698 1972 ipso
721 1916 790 1960 die
813 1931 840 1959 a
861 1915 971 1959 febri
993 1916 1187 1959 tertiana
1209 1919 1438 1969 correptus
1461 1927 1551 1956 non
1575 1926 1658 1969 po·

192 1987 278 2030 tuit
301 1989 443 2031 bonus
475 2002 612 2032 senex
643 1989 884 2032 convenire
907 1989 1134 2033 Caesarem
1157 1986 1541 2043 quemadmodum
1564 1991 1659 2030 sta-

192 2067 358 2113 tuerat,
380 2061 499 2117 jacet
520 2062 671 2118 itaque
694 2062 738 2104 in
761 2062 879 2105 lecto
902 2068 945 2104 et
969 2075 1113 2117 neque
1135 2060 1228 2104 seio
1257 2058 1362 2115 quid
1390 2058 1536 2102 dicam
1570 2072 1656 2101 ne·

192 2148 279 2187 que
304 2134 408 2189 quid
431 2135 486 2177 ab
508 2135 594 2178 hoc
617 2135 800 2178 homine
823 2148 1014 2190 sperem.
1042 2132 1275 2177 Exultabit
1296 2130 1547 2175 Alemanus
1569 2145 1653 2174 cu-

190 2206 265 2261 jus
288 2221 358 2249 res
387 2207 432 2250 in
465 2208 662 2250 maximo
686 2207 881 2264 periculo
904 2207 1214 2250 versabantur.
1242 2206 1357 2248 Fata
1379 2204 1500 2247 viam
1529 2203 1657 2247 inve·

196 2278 337 2322 nient.
357 2281 570 2337 Quaeram
594 2279 850 2334 exemplum
876 2277 1186 2322 translationis
1202 2281 1246 2319 et
1268 2275 1384 2332 quod
1403 2274 1534 2331 jubes
1555 2287 1652 2318 exe·

193 2364 321 2405 quar.
341 2352 622 2408 Veniamque
644 2352 700 2395 ad
724 2351 965 2408 prandium
989 2351 1035 2394 ni
1056 2349 1225 2405 aliquid
1240 2349 1412 2392 interea
1431 2360 1656 2390 successe·

195 2423 269 2475 rit,
295 2424 432 2467 nolim
456 2431 608 2468 tamen
634 2438 706 2467 me
728 2430 1007 2480 expectares.
1032 2424 1161 2467 Vale.

257 2497 391 2538 1528.
418 2496 548 2540 Tuus
573 2497 830 2541 ValdesiuS.

258 2567 466 2624 Sigillum
490 2585 667 2614 ceremn.

258 2711 305 2755 S.
373 2714 515 2757 Multa
539 2728 611 2757 me
638 2715 890 2771 impediunt
908 2713 1150 2769 quominus
1172 2711 1229 2755 ad
1250 2716 1294 2755 te
1318 2711 1383 2755 uti
1405 2716 1656 2755 statueram

197 2785 348 2826 venire
371 2786 557 2839 possim,
584 2787 832 2843 praesertim
860 2801 963 2830 cum
988 2787 1033 2830 in
1057 2791 1136 2829 tuo
1159 2783 1340 2840 negotio
1363 2783 1426 2828 nil
1450 2783 1551 2826 boni
1575 2796 1657 2826 ac·

250 2940 303 2986 (1)
357 2940 598 2988 Carvajali.
