1786 3198
264 241 342 282 402
727 239 897 267 EDUARD
928 239 1134 268 BOEHMER

209 321 460 374 Gattinaria
484 317 755 361 Cancellarii
778 324 980 373 nepoteS‚
1014 317 1233 362 Officialis
1266 318 1579 362 Gebennensis
1611 320 1671 365 A.

211 399 396 450 Longus
418 401 461 435 te
487 392 730 447 plurimum
755 392 927 434 salvere
950 391 1125 447 jubent.
1160 392 1410 435 Marlianus
1439 392 1506 435 uti
1534 391 1669 449 polli—

210 468 324 511 citus
353 472 420 508 est
449 464 626 507 scribet.
658 464 824 506 Noster
853 464 1022 507 Suarez
1052 462 1104 512 (1)
1134 469 1180 507 te
1206 465 1340 507 toties
1371 463 1546 508 salvere
1574 463 1672 506 vult

207 546 317 595 quot
342 537 575 581 mendacia
597 543 701 579 sunt
723 537 768 579 in
794 539 945 580 Marco
970 539 1172 582 Aurelio.
1205 539 1314 582 Isidi
1338 536 1388 584 (2)
1413 552 1518 582 cum
1548 538 1672 594 prole

211 613 323 655 meis
346 611 492 653 verbis
515 611 708 652 salutem
732 610 865 653 dices.
891 611 1022 655 Vale.
1047 607 1056 611 ’

271 684 419 727 Toleti
443 683 596 726 XIIII
619 683 853 726 Februarii
879 696 1013 740 1529.
1041 682 1172 726 Tuus
1193 683 1449 727 Valdesius.

270 758 325 799 In
361 756 500 798 dorso:
547 754 810 798 Clarissimo
847 755 942 797 viro
983 757 1040 798 D.
1080 755 1245 813 Joanni
1287 755 1507 799 Dantisco
1530 753 1673 799 Ser.mi

212 829 350 885 Regis
374 827 574 871 Poloniae
597 826 765 870 oratori
788 826 869 871 &c-

270 903 409 944 Manu
430 901 650 942 Dantisci:
676 901 786 943 Dat.
812 898 963 942 Toleti
990 912 1047 955 14
1071 899 1197 952 Feb.,
1223 899 1317 943 red.
1344 899 1390 942 in
1414 899 1593 945 Valdol.
1619 899 1674 943 18

208 975 428 1031 ejusdem.

274 1122 323 1165 S.
390 1121 563 1163 Memor
585 1125 628 1161 te
653 1118 764 1161 mihi
782 1118 1049 1174 praecepisse
1066 1123 1116 1161 ut
1134 1118 1426 1162 Lactantium
1450 1132 1604 1162 meum
1621 1108 1676 1162 de

209 1201 342 1250 capta
365 1208 415 1237 ac
438 1193 614 1248 direpta
638 1193 786 1235 Roma
809 1192 1080 1247 castigatum
1104 1191 1161 1234 ad
1191 1196 1235 1234 te
1266 1190 1492 1234 mitterem
1518 1205 1677 1247 meque

211 1267 434 1311 facturum
458 1265 694 1320 recepisse,
719 1271 768 1306 ut
793 1264 927 1307 fidem
953 1278 1102 1307 meam
1133 1264 1366 1307 absolvam
1396 1263 1598 1307 libellum
1621 1265 1678 1308 ad

213 1346 256 1383 te
291 1339 439 1383 mitto,
476 1341 707 1393 Agnosces
739 1352 842 1380 vere
875 1337 1171 1393 hypocritam,
1209 1337 1404 1379 exterius
1436 1336 1557 1379 enim
1585 1350 1677 1379 non

214 1412 300 1455 nisi
324 1412 539 1454 deaurata
564 1410 717 1452 omnia
740 1410 950 1465 inspicies
972 1415 1021 1452 ut
1045 1423 1262 1465 magnum
1285 1408 1454 1464 aliquid
1476 1408 1559 1452 tibi
1581 1409 1674 1465 pol·

213 1485 404 1535 licearis,
424 1484 542 1540 quod
556 1483 592 1526 si
608 1483 815 1526 Silenum
831 1483 1082 1526 excusseris
1099 1488 1308 1524 nascetur
1325 1482 1539 1525 ridiculus
1557 1495 1676 1526 mus·

214 1557 287 1600 Tu
311 1563 482 1608 tamen,
500 1556 575 1611 qui
596 1570 697 1598 mea
714 1555 870 1598 omnia
887 1555 1034 1598 amico
1058 1556 1213 1598 animo
1231 1560 1273 1597 et
1295 1554 1407 1610 legis
1424 1557 1475 1597 et'
1487 1554 1673 1612 accipis,

211 1630 449 1674 audaciam
475 1644 624 1672 meam
649 1629 754 1671 boni
778 1630 1002 1672 consules.
1033 1629 1161 1673 Vale.
1189 1627 1319 1671 Tuus
1341 1627 1598 1671 Valdesius.

278 1706 411 1747 1529.

282 1848 331 1892 S.
397 1848 499 1891 Non
522 1846 746 1890 misissem
770 1847 826 1889 ad
856 1852 900 1889 te
932 1845 1164 1888 historiam
1190 1859 1339 1889 meam
1362 1846 1450 1890 nisi
1471 1851 1603 1890 tuum
1627 1861 1681 1891 ex

222 1935 323 1964 meo
347 1921 592 1963 metiissem
616 1920 833 1970 animum,
859 1926 903 1961 et
925 1933 977 1961 eo
1001 1919 1150 1961 animo
1174 1918 1276 1961 misi
1300 1925 1350 1962 ut
1371 1933 1459 1975 quo
1483 1920 1611 1975 plura
1633 1920 1680 1964 in

220 2010 276 2038 ea
298 1995 539 2037 immutata
568 1995 795 2043 invenero,
822 2006 874 2034 eo
903 1992 986 2034 erit
1019 1991 1130 2034 mihi
1164 1991 1363 2035 officium
1392 1993 1582 2048 gratius.
1608 1993 1681 2037 Tu

221 2082 328 2111 curn
351 2066 671 2110 commoditate
704 2071 783 2108 tua
814 2065 859 2108 id
892 2064 1042 2121 facit0,
1069 2070 1111 2106 et
1134 2065 1467 2120 quamprimum
1501 2066 1682 2110 absolu-

223 2146 319 2182 tum
337 2140 418 2182 erit
440 2140 496 2182 ad
520 2154 591 2182 me
617 2138 800 2181 mittito.
823 2139 923 2180 Hoc
943 2151 1083 2180 unum
1103 2142 1147 2179 te
1169 2151 1278 2191 rogo
1303 2144 1352 2180 ut
1374 2144 1548 2182 secreto
1565 2138 1684 2195 apud

225 2218 270 2254 te
303 2227 449 2254 serves
473 2226 702 2267 quousque
733 2212 789 2254 ad
825 2210 1094 2253 Pontificem
1119 2216 1207 2260 eat,
1237 2216 1392 2265 postea
1412 2211 1534 2253 enim
1563 2210 1685 2266 typis

225 2285 483 2328 excudetur.
511 2284 642 2326 Vale.

288 2360 420 2401 1529.
445 2359 570 2400 Tuus
595 2357 851 2400 Valdesius.

290 2429 525 2486 Scripserat
555 2431 784 2473 Dantiscus
815 2429 1015 2472 Valdesio
1048 2427 1289 2471 Valleoleti
1321 2442 1343 2471 1
1378 2429 1512 2472 Febr.
1550 2427 1683 2487 1529:

231 2502 316 2543 Illa
339 2502 473 2544 etiam
498 2517 596 2558 quae
619 2502 780 2546 Latine
803 2502 856 2545 de
886 2502 972 2544 hoc
1000 2499 1245 2544 certamine
1267 2514 1346 2543 seu
1371 2501 1689 2545 monomachia

225 2572 321 2627 jam
354 2588 480 2628 paene
514 2575 765 2618 oblitterata
787 2573 1098 2629 conscripsisti
1128 2573 1185 2615 ob
1215 2573 1452 2616 veritatem
1486 2573 1689 2618 historiae

232 2650 276 2687 et
299 2651 449 2688 actum
472 2646 600 2690 illum
623 2647 834 2690 ultimum
858 2660 962 2690 cum
985 2645 1126 2689 fetiali
1151 2645 1344 2690 Caesaris
1366 2646 1413 2690 in
1437 2646 1587 2691 Gallia
1609 2646 1689 2691 ha·

282 2823 331 2870 (1)
383 2824 581 2862 Fortasse
622 2825 819 2862 Cristobal
859 2823 1244 2872 Suarez‚Pagador
1277 2824 1342 2862 del
1379 2823 1570 2874 Consejo.
1608 2825 1690 2876 Cs-

231 2882 481 2932 Conquenses
503 2885 674 2932 ilustres,
697 2886 765 2934 IV,
781 2898 826 2934 p.
852 2895 1000 2934 320-21.

282 2943 333 2992 (2)
386 2946 698 2993 Apographum:
716 2946 873 2985 Isidem.
