1846 3224
275 274 299 312 8
753 283 792 308 A.
826 279 1128 307 monne-Fauo

221 359 470 412 Gregorium
491 358 595 398 XIII
617 363 703 395 tum
728 355 1038 394 incumbentem
1060 353 1341 394 emendationi
1359 353 1466 407 juris
1485 353 1678 395 canonici

222 426 419 473 mitteret;
453 437 559 476 quos
589 429 726 461 tamen
756 420 910 461 missos
940 433 1021 460 non
1051 419 1180 459 fuisse
1209 420 1278 460 vel
1305 419 1403 460 hinc
1422 425 1538 473 patet
1562 421 1677 474 quod

220 493 359 533 adhuc
379 497 517 530 extant
539 491 579 528 in
601 488 829 540 Hispania,
849 495 888 526 et
909 486 1022 539 quod
1045 487 1205 526 nullam
1225 486 1392 527 illorum
1420 487 1677 528 mentionem

219 558 375 599 faciunt
412 556 489 596 viri
529 554 761 595 doctissimi
796 553 866 606 qui
908 561 994 592 turn
1033 552 1292 592 recensendo
1329 553 1677 606 emendandoque

219 625 413 666 Gratiani
433 625 613 663 Decreto
634 621 889 673 praefuerunt
919 619 992 666 (ι),
1025 618 1245 659 Polliceris
1271 625 1471 672 praeterea
1495 633 1678 661 canones

221 692 400 733 ineditos
437 689 851 741 subscriptionesque
903 686 1124 738 cujusdam
1162 687 1346 727 Concilii
1382 679 1682 739 Legionensis,'

220 767 307 799 tum
329 757 565 797 Concilium
589 755 785 795 Lucense
805 755 993 794 nondum
1013 753 1188 799 editum,
1210 759 1252 793 et
1271 767 1319 793 ea
1337 754 1465 793 etiarn
1484 753 1678 794 Concilia

219 838 311 877 quae
339 822 524 862 nancisci
556 821 758 874 potueris,
791 819 974 867 Vellem,
1008 818 1382 860 Excellentissime
1410 818 1609 870 Domine,
1631 825 1678 860 ut

221 905 267 929 ea
304 889 403 928 mihi
440 894 551 928 esset
581 887 761 926 facultas
790 885 959 926 dicendi
990 899 1071 937 qua
1099 890 1211 925 recte
1240 884 1448 938 digneque
1476 898 1679 926 exornare

220 970 384 1009 possem
416 954 577 1005 insigne
607 953 713 992 illud
744 951 899 992 nobilis
928 965 976 991 ac
1009 951 1196 992 liberalis
1216 951 1344 991 animi
1374 950 1675 992 testimonium.

220 1023 303 1063 Sed
337 1020 677 1074 quandoquidem
716 1026 788 1058 tua
822 1018 1026 1058 beneficia
1061 1023 1261 1070 superant
1295 1017 1407 1057 vires
1439 1031 1569 1064 meas,
1600 1016 1676 1058 tibi

220 1089 392 1142 imputa,
426 1087 496 1140 qui
527 1086 628 1126 mihi
659 1100 786 1138 supra
816 1085 1046 1138 praestitisti
1067 1098 1191 1136 quam
1212 1097 1289 1137 ego
1309 1084 1449 1124 verbis
1474 1083 1675 1138 consequi

220 1169 383 1208 queam.
404 1155 548 1205 Itaque
568 1159 735 1192 transeo
756 1153 807 1192 ad
829 1151 1012 1204 reliquas
1033 1151 1224 1203 epistolae
1247 1158 1327 1191 tuae
1348 1157 1500 1203 partes.

275 1219 387 1262 Satis
404 1220 608 1271 intelligo,
631 1218 997 1258 Excellentissime
1017 1217 1216 1266 Domine,
1240 1232 1364 1270 quam
1385 1217 1486 1257 mihi
1505 1217 1674 1258 honori-

221 1288 346 1327 ficum
366 1286 419 1326 sit
439 1287 550 1339 quod
571 1285 613 1325 in
633 1285 888 1324 bibliotheca
914 1290 984 1324 tua
1014 1284 1168 1324 habeas
1196 1284 1418 1337 plerosque
1445 1297 1590 1324 eorum
1618 1284 1675 1324 li-

223 1354 387 1393 brorum
409 1352 478 1403 qui
501 1366 524 1390 a
546 1366 611 1391 me
631 1350 734 1391 editi
756 1357 853 1391 sunt
873 1355 915 1390 et
936 1350 1048 1403 quod
1069 1364 1142 1391 eos
1162 1349 1233 1403 qui
1255 1349 1333 1390 tibi
1354 1350 1506 1391 desunt
1523 1350 1676 1391 habere

220 1419 351 1472 cupis.
371 1421 479 1459 Istos
496 1432 669 1471 quorum
687 1419 919 1470 catalogum
936 1431 1030 1457 cum
1050 1417 1117 1457 his
1137 1417 1270 1457 literis
1289 1408 1425 1464 mitto,
1443 1415 1542 1456 dedi
1562 1429 1677 1456 corn—

221 1485 379 1538 pactori
399 1485 597 1525 librorum
626 1484 833 1536 simulque
863 1483 1058 1524 mandavi
1089 1492 1132 1523 ut
1160 1483 1258 1523 illos
1286 1482 1505 1535 diligenter
1525 1488 1565 1522 et
1585 1482 1676 1522 ele-

221 1559 364 1603 ganter
382 1547 617 1591 concinnet.
641 1550 793 1591 Statim
813 1563 912 1590 vero
938 1564 987 1590 ac
1007 1549 1190 1589 absoluti
1212 1549 1378 1597 fuerint,
1400 1548 1560 1588 mittam
1579 1547 1677 1588 illos

222 1618 472 1669 Lugdunum
489 1616 1183 1668 adAnissonium(2),bibliopolam
1201 1615 1272 1668 qui
1287 1615 1385 1655 illos
1398 1615 1451 1655 ad
1467 1619 1508 1655 te
1524 1613 1677 1668 perfer·

222 1684 255 1724 ri
277 1685 486 1724 Matritum
506 1684 667 1723 curabit
686 1683 821 1736 prima
842 1696 1005 1735 quaque
1026 1683 1261 1723 occasione.
1282 1683 1369 1722 Oro
1388 1688 1526 1722 autem
1547 1687 1587 1721 te
1607 1686 1673 1721 at-

222 1765 302 1804 que
321 1751 493 1791 obsecro
513 1757 558 1790 ut
578 1751 767 1790 lubenter
786 1750 973 1802 accipere
993 1749 1099 1790 velis
1123 1750 1230 1790 hanc
1250 1749 1446 1801 exiguam
1466 1749 1569 1802 grati
1589 1749 1676 1790 ani-

222 1816 277 1856 mi
297 1819 377 1856 mei
397 1817 746 1864 testificationem,
769 1821 809 1856 et
829 1822 874 1855 ut
895 1815 996 1855 mihi
1016 1821 1268 1868 potestatem
1288 1815 1416 1855 facias
1436 1815 1489 1856 ad
1515 1821 1556 1856 te
1577 1815 1675 1856 mit-

223 1885 335 1924 tendi
373 1898 444 1924 eos
481 1884 554 1937 qui
587 1883 785 1936 deinceps
825 1887 1062 1935 sequentur.
1106 1881 1276 1922 Tertius
1314 1881 1678 1922 miscellaneorum

222 1963 405 1990 meorum
425 1951 529 1991 liber
556 1963 666 1990 nunc
694 1949 772 1990 sub
805 1950 945 2001 praelo
975 1955 1053 1997 est,
1086 1949 1372 1989 absolvendus
1399 1949 1477 1989 sub
1510 1948 1677 1990 initium

221 2016 558 2069 quadragesimae.
588 2018 740 2056 Postea
754 2016 864 2056 dabo
880 2017 1142 2068 typographo
1161 2016 1321 2070 aliquot
1342 2016 1546 2068 opuscula
1559 2015 1677 2057 illus-

223 2081 391 2122 trissimi
411 2083 574 2135 patroni
600 2082 683 2122 mei
703 2096 795 2135 quae
816 2083 1002 2122 nondum
1029 2083 1141 2123 edita
1159 2083 1339 2123 fuerunt.
1369 2081 1415 2123 Si
1435 2096 1534 2122 vero
1553 2081 1677 2135 copia

225 2148 325 2188 mihi
346 2148 452 2188 facta
471 2149 608 2195 fuerit,
630 2155 675 2188 ut
705 2162 842 2201 spero,
865 2149 1159 2189 nonnullarum
1175 2149 1447 2202 epistolarum
1474 2147 1678 2189 haetenus

221 2213 424 2253 editarum
446 2216 498 2254 ad
520 2214 712 2254 Concilia
741 2213 1003 2266 Ephesinurn
1023 2221 1064 2254 et
1085 2215 1431 2256 Chalcedonense
1457 2215 1677 2268 pertinen-

221 2279 343 2327 tium,
366 2279 602 2320 incumbam
624 2282 764 2320 statim
792 2287 887 2332 post
915 2282 1077 2321 Pascha
1097 2281 1272 2321 editioni
1292 2281 1414 2335 primi
1433 2280 1535 2322 tomi
1555 2295 1675 2322 meo-

221 2359 311 2385 rum
327 2346 625 2392 ConciIiorum,
645 2361 765 2399 quem
783 2353 1005 2399 sequentur
1033 2347 1105 2388 alii
1126 2356 1302 2400 quatuor
1322 2349 1375 2388 ad
1395 2347 1549 2388 minus.
1567 2348 1677 2388 Nam

223 2412 410 2464 quotidie
429 2413 480 2452 ad
502 2427 566 2452 me
587 2413 846 2466 perferuntur
865 2427 918 2453 ex
939 2414 1065 2454 variis
1086 2415 1269 2467 Europae
1290 2413 1519 2468 provinciis
1538 2427 1678 2455 exem-

222 2478 355 2530 plaria
375 2479 660 2519 Conciliorum
680 2494 772 2533 quae
799 2487 869 2520 aut
895 2481 1081 2520 nondum
1102 2480 1216 2521 edita
1235 2488 1348 2528 sunt,
1371 2487 1443 2522 aut
1462 2486 1573 2521 certe
1593 2493 1678 2521 non

223 2549 365 2584 extant
384 2544 428 2583 in
448 2551 654 2596 postrema
673 2545 893 2599 parisiensi
924 2547 1209 2587 Consiliorum
1240 2547 1439 2588 editione.
1462 2548 1570 2588 Utar
1597 2560 1675 2587 au·

224 2615 309 2651 tem
327 2610 404 2650 hac
425 2611 656 2660 occasione,
691 2612 1031 2666 quandoquidem
1058 2613 1115 2654 ita
1137 2615 1276 2666 jubes,
1308 2613 1679 2655 Excellentissime

276 2772 328 2818 (1)
381 2771 451 2807 Sin
478 2773 679 2821 embargo,
698 2775 812 2812 vease
834 2775 871 2812 lo
891 2788 969 2824 que
987 2787 1027 2812 se
1045 2776 1093 2812 ha
1113 2776 1231 2814 dicho
1259 2789 1309 2815 en
1335 2777 1375 2814 la
1399 2786 1495 2815 nota
1522 2787 1542 2824 3
1568 2776 1617 2814 de
1641 2776 1678 2814 la

253 2843 272 2868 a
307 2860 314 2868 .
363 2859 373 2870 .
1526 2842 1528 2844 '

226 2844 250 2879 p
275 2842 356 2939 (gz)5
379 2891 553 2928 Laurent
574 2893 761 2937 Anisson,
781 2896 803 2931 ό
824 2897 875 2931 tal
897 2909 964 2932 vez
992 2908 1038 2932 su
1066 2896 1150 2944 hijo
1175 2897 1293 2946 Juzzn,
1322 2898 1513 2946 impresor
1536 2897 1570 2934 el
1597 2897 1675 2945 pri-

225 2963 335 2987 mero
352 2952 400 2987 de
420 2951 454 2987 la
476 2949 733 2989 Bibliotheca
749 2956 938 2992 maxima
951 2963 1124 2993 veterum
1138 2966 1320 3005 patrum,
1337 2971 1362 3007 y
1375 2958 1407 2994 el
1423 2957 1603 3006 segundo
1615 2956 1679 2995 del

225 3011 420 3048 Glosario
440 3012 487 3047 de
508 3013 569 3048 Du
586 3014 733 3062 Cange.
