1786 3198
529 209 695 237 canus
722 209 779 236 οε
809 197 1034 242 uonm'zJAR
1063 207 1088 234 v
1117 205 1279 236 ΒΑιυΖε
1529 205 1580 245 29

223 288 336 330 Mihi
365 289 543 329 multum
576 286 774 340 gratulor,
803 285 1175 326 Excellentissime
1203 283 1402 330 Domine,
1433 283 1547 337 quod
1576 283 1635 324 ita

171 355 252 399 tibi
267 353 667 410 placuit-eonsilium
683 365 823 393 meum
838 352 1083 392 edendorun
1095 354 1146 392 M
1149 351 1438 392 {scellamorum
1452 356 1498 390 ut
1511 351 1636 392 etiam

169 412 275 464 inihi
304 429 421 463 tuam
447 432 574 474 opem
603 418 753 460 offeras
784 418 819 458 si
850 432 900 458 ea
928 418 1171 459 continuare
1199 419 1386 458 voluero.
1410 417 1513 458 Vidi
1532 417 1635 470 quid

170 489 359 531 Isidorus
378 488 491 528 dicat
510 486 565 526 de
583 485 897 526 commentariis
916 485 1108 537 Apringii
1128 485 1170 525 in
1191 483 1509 537 Apocalypsim,
1533 486 1635 538 qnid

171 555 357 598 Morales
374 555 428 596 de
448 554 606 595 Aluaro
626 551 891 594 Cordubensi
911 558 953 591 et
974 552 1027 592 de
1048 564 1174 604 opere
1201 552 1270 592 cui
1301 553 1449 592 titulus
1469 560 1533 593 est
1561 555 1632 594 In·

169 622 328 664 diculus
359 622 592 662 luminosus.
631 621 814 660 Possunt
843 631 958 665 sane,
991 624 1036 657 ut
1065 630 1142 667 ego
1171 618 1342 671 quidem
1375 619 1565 668 arbitror,
1596 627 1638 662 et

169 689 262 731 haee
281 701 449 743 quoque
474 686 541 727 edi
562 687 605 727 in
634 685 777 738 aliquo
805 684 1049 725 eorumdem
1077 686 1127 723 M
1132 684 1419 724 iscellaneorum
1454 685 1577 734 libro,
1599 689 1637 727 si

170 768 332 805 eorum,
355 753 584 807 praesertim
605 765 708 792 vero
735 751 1006 804 epistolarum
1029 750 1190 797 Aluari,
1221 752 1479 804 exemplaria
1498 754 1551 794 ad
1569 768 1639 796 me

172 821 354 864 irriseris.
377 820 463 862 Sed
483 820 715 860 curandum
742 818 790 873 *in
819 817 967 871 primis
985 830 1078 857 esse
1105 817 1321 869 intelligis,
1353 819 1636 863 eruditissime

169 888 372 936 Domine,
407 886 468 927 uti
501 901 551 927 ea
580 887 722 926 omnia
750 884 1038 926 describantur
1067 897 1232 924 summa
1266 884 1350 924 fide
1389 899 1640 942 summaque

171 969 287 1004 cura,
311 954 500 1008 adeoque
519 967 628 1007 opus
647 966 740 993 esse
760 952 897 992 scriba
916 950 1106 1002 diligenti
1127 958 1169 990 et
1189 951 1367 992 erudito.

226 1022 312 1064 Sed
332 1023 387 1062 de
406 1021 529 1063 Beati
547 1019 862 1061 commentariis
892 1019 934 1059 in
965 1018 1270 1071 Apocalypsin]
1300 1019 1403 1059 nihil
1433 1020 1639 1062 hactenus
1702 1013 1706 1017 ⁴

171 1089 334 1132 audiui.
355 1087 677 1129 Examinandus
696 1093 760 1127 est
781 1092 931 1125 auctor
949 1093 1141 1125 accurate
1170 1092 1393 1137 antequam
1416 1086 1634 1128 describa-

171 1163 255 1200 tur.
276 1157 336 1198 Et
355 1163 462 1204 tum,
485 1155 521 1196 si
543 1154 696 1206 dignus
716 1153 835 1193 visus
862 1151 985 1192 fuerit
1014 1151 1215 1198 editione,
1245 1151 1434 1205 mihique
1464 1154 1641 1195 traditus

171 1223 309 1272 fuerit,
332 1222 483 1264 lubens
503 1222 624 1263 illum
645 1234 723 1261 suo
743 1221 836 1260 loco
855 1232 1072 1272 reponam,
1094 1225 1138 1258 ut
1158 1219 1283 1258 etiam
1305 1232 1378 1271 per
1397 1231 1489 1259 eam
1510 1234 1641 1262 occa—

174 1291 339 1334 sionem
371 1289 572 1330 universo
604 1287 739 1328 ordini
773 1286 1029 1326 literatorum
1052 1291 1248 1325 testatum
1279 1284 1428 1325 faciam
1459 1297 1643 1339 quantus

171 1357 231 1400 sit
248 1365 345 1399 tuus
363 1357 408 1398 in
428 1357 562 1397 bonas
580 1355 724 1395 literas
743 1366 971 1407 earumque
991 1353 1244 1406 professores
1264 1366 1394 1392 amor.

227 1425 397 1479 Jamdiu
417 1424 471 1464 ad
491 1430 533 1464 te
552 1421 718 1475 scripsi,
743 1420 1115 1465 Excellentissime
1135 1419 1333 1466 Domine,
1356 1419 1636 1473 appendicem

173 1491 293 1534 illam
315 1490 516 1532 Roderici
538 1487 752 1535 Toletani,
776 1501 901 1541 quam
926 1486 1236 1528 illustrissimus
1255 1487 1399 1526 Marca
1417 1485 1575 1527 viderat
1595 1487 1639 1529 in

172 1557 431 1599 bibliotheca
449 1555 614 1607 collegii
637 1553 871 1602 Nauarrici,
894 1554 1022 1594 hodie
1044 1553 1131 1593 illic
1153 1567 1236 1593 non
1256 1552 1416 1593 haberi.

228 1623 379 1665 Finem
400 1624 617 1676 imponam
635 1622 734 1662 huic
754 1621 959 1674 epistolae,
983 1620 1354 1661 Excellentissime
1373 1626 1414 1660 et
1435 1620 1636 1662 eruditis-

172 1690 280 1733 sime
298 1689 499 1738 Domine,
521 1688 817 1741 respondendo
844 1688 898 1728 ad
928 1700 1019 1727 eam
1044 1687 1251 1727 literarum
1283 1693 1445 1726 tuarum
1476 1693 1639 1738 partem

174 1756 220 1797 in
259 1769 343 1810 qua
380 1755 443 1796 ais
482 1761 522 1795 te
559 1754 794 1795 destinasse
833 1754 1036 1806 singulari
1075 1767 1201 1806 opere
1239 1743 1427 1792 refellere
1463 1765 1513 1792 ea
1547 1767 1643 1807 quae

174 1823 231 1864 R.
254 1823 304 1865 P.
328 1821 493 1863 Natalis
515 1821 755 1863 Alexander
786 1819 969 1873 scripsit,
1001 1820 1203 1860 aduersus
1232 1818 1447 1859 historiam
1474 1820 1639 1861 aduen-

174 1896 243 1930 tus
270 1888 414 1930 Sancti
445 1888 594 1942 Jacobi
622 1901 668 1928 in
698 1887 963 1940 Hispaniam.
998 1886 1097 1927 Scio
1127 1885 1311 1938 satisque
1342 1885 1534 1939 intelligo
1563 1886 1641 1928 tibi

174 1961 274 1996 nota
292 1968 385 1995 esse
403 1954 544 1995 omnia
563 1968 658 2007 quae
676 1954 730 1995 de
757 1954 837 1994 hoe
857 1960 1105 2006 argumento
1127 1951 1210 1992 dici
1240 1965 1428 2004 possum.
1450 1952 1641 2006 adeoque

175 2021 337 2075 imponi
361 2020 438 2061 tibi
459 2020 580 2061 facile
599 2034 684 2061 non
707 2033 846 2074 posse.
864 2020 949 2060 Sed
970 2033 1066 2060 cum
1085 2018 1259 2059 historia
1280 2018 1353 2058 illa
1373 2018 1416 2059 in
1437 2018 1639 2071 suspicio-

174 2102 271 2130 nem
291 2087 453 2128 venerit
475 2086 670 2127 falsitatis
698 2087 811 2140 apul
839 2100 987 2127 omnes
1011 2086 1096 2127 fere
1121 2085 1321 2132 eruditos,
1347 2085 1517 2136 plenum
1537 2086 1641 2126 aleae

174 2168 224 2197 ac
243 2153 421 2208 periculi
442 2167 550 2206 opus
570 2153 747 2205 suscipit
769 2152 961 2206 quisquis
975 2166 1068 2193 eam
1090 2157 1283 2204 praestare
1305 2163 1446 2191 veram
1466 2158 1639 2192 conten—

175 2220 252 2262 dit.
276 2221 498 2268 Praeterea,
519 2221 583 2260 vir
606 2220 772 2267 doctus,
801 2219 874 2273 qui
900 2232 1000 2260 suas
1019 2218 1146 2258 horas
1166 2218 1375 2258 collocare
1392 2218 1484 2258 vult
1506 2217 1548 2258 in
1568 2232 1638 2258 re-

174 2287 373 2328 fellendis
392 2286 568 2327 aliorum
589 2286 774 2340 scriptis,
796 2300 882 2327 non
903 2286 1027 2326 debet
1049 2284 1284 2336 vulgarium
1299 2283 1547 2338 scriptorum
1569 2285 1642 2325 lu·—

177 2352 448 2394 cubrationes
466 2352 677 2398 insectari,
698 2351 774 2392 sed
793 2365 891 2392 cum
911 2351 1088 2391 summis
1107 2350 1374 2393 contendere.

230 2417 353 2466 Vale,
374 2418 441 2457 vir
460 2417 812 2459 excellentissime
833 2418 999 2471 meique
1025 2431 1190 2471 semper
1219 2417 1323 2458 velis
1347 2430 1441 2458 esse
1460 2430 1639 2459 mernor.

233 2482 417 2524 Lutetiae
435 2483 692 2524 Parisiorum
711 2497 792 2525 1111
814 2484 914 2524 Kal.
940 2483 1124 2524 octobris
1146 2483 1481 2525 MDCLXXXI.

235 2616 464 2672 (Original.
486 2618 605 2659 Bibl.
626 2619 733 2660 Nae.
755 2619 810 2661 de
828 2618 1010 2666 Madrid,
1035 2619 1180 2670 Ee-93‚
1202 2615 1276 2657 fol.
1305 2616 1640 2671 129.—-Minuta.

178 2684 295 2726 Bibl.
317 2683 425 2724 Nac.
448 2684 502 2725 de
522 2685 654 2732 Paris,
677 2685 814 2725 Nouv.
841 2698 919 2737 aeq.
946 2684 1035 2731 lat„
1061 2693 1202 2736 2.337,
1224 2682 1298 2724 fol.
1328 2682 1439 2737 101.)
