1786 3198
656 225 745 255 uun
771 227 879 279 onim
910 229 1090 258 menn-A
1465 220 1555 276 667³

134 295 313 350 curioso
334 303 462 345 ouvir
483 317 534 345 os
556 304 761 348 louvores
783 306 1036 351 tributados
1059 324 1087 352 a
1107 316 1203 354 este
1226 311 1455 367 esforeado
1475 315 1599 369 prin·

134 373 248 430 cipe,
267 371 357 430 *qile
375 389 518 430 pouco
534 376 688 432 depois
710 377 879 422 herdou
896 395 922 421 o
941 381 1105 424 throno
1124 382 1178 425 de
1202 386 1399 438 Aragao,
1418 399 1500 442 por
1515 385 1610 429 fal-t

135 445 377 490 lenimento
399 447 454 490 de
479 448 675 492 Affonso
694 464 720 492 ο
741 452 1033 505 Magnanimo
1054 454 1212 509 (1458)
1227 490 1238 507 ,
1261 457 1396 498 tendo
1410 472 1465 500 na
1489 458 1600 501 lern-

138 518 318 573 braum,
343 533 430 574 que
451 534 477 562 o
499 535 641 564 nosso
667 523 984 575 Condestavel,
1011 531 1116 568 neto
1141 542 1165 568 e
1192 528 1395 570 herdeiro
1416 531 1470 571 de
1491 545 1606 574 uma·-

138 590 326 634 Infa‘nta
347 592 402 635 de
427 594 613 645 Aragao
637 609 661 636 e
684 596 739 638 de
764 597 822 638 D.
847 597 993 655 Jaime
1019 598 1070 639 de
1095 599 1251 654 Urgel,
1284 613 1312 642 o
1338 601 1594 653 Desditoso,

137 663 200 716 foi
221 665 444 708 ehamado
471 680 496 708 e
524 668 782 710 acclamado
820 683 875 711 ao
902 670 1015 711 cabo
1046 671 1099 712 de
1123 678 1277 713 outros
1308 677 1421 714 sette
1451 686 1606 723 annos,

77 764 83 769 -
138 737 263 793 pelos
283 737 490 782 Catalaes
513 740 725 792 rebeldeS,
763 741 1110 796 desamparados
1134 757 1215 798 por
1236 745 1412 799 Franea
1433 758 1457 786 e
1481 745 1593 788 Cas-

137 809 260 859 tella,
287 817 445 853 contra
465 825 564 853 esse
587 826 761 854 mesmo
789 813 1027 867 tyrannico
1049 829 1072 855 e
1098 821 1248 857 astuto
1271 829 1368 858 mas
1396 815 1594 858 tenacis-

136 881 255 924 simo
277 881 442 924 senhor
466 896 575 936 ‹por
594 897 665 925 ser
685 898 712 925 a
739 884 920 939 propria
941 899 1075 928 carne
1099 886 1283 929 descida
1304 887 1359 929 da
1391 893 1512 930 recta
1534 888 1602 930 li·-

106 998 111 1002 ,
137 954 230 998 nha
251 955 308 997 do
330 955 572 997 excellente
597 955 679 998 Rei
703 957 763 998 D.
793 956 1008 999 Affonso»
1039 958 1169 1011 (ΙΙΙ).

201 1029 274 1070 Do
295 1035 424 1070 outro
447 1028 550 1070 lado
572 1042 728 1071 vernos
750 1043 800 1070 os
838 1030 947 1071 avos
982 1034 1289 1086 portugueses:
1324 1045 1352 1074 o
1383 1031 1517 1073 heroe
1538 1032 1594 1074 de

138 1099 431 1155 Aljubarrota
448 1114 472 1141 e
490 1100 635 1143 Ceuta
651 1115 675 1142 e
694 1102 754 1143 D.
785 1101 940 1156 Felipa
963 1103 1016 1144 de
1038 1103 1294 1154 Lencastre,
1315 1103 1481 1159 aquella
1501 1119 1592 1146 san-

136 1176 324 1227 tareyna
347 1172 525 1228 inglesa,
551 1187 626 1228 que
651 1177 767 1215 tanto
791 1174 926 1230 plugo
944 1175 989 1216 al
1004 1180 1123 1217 serior
1144 1191 1218 1231 que
1235 1176 1370 1218 claros
1388 1177 1591 1233 miraglos

136 1248 419 1288 se-'ncuentan
440 1245 567 1288 decla.
589 1246 722 1288 Perto
738 1246 893 1289 d’elles
920 1247 1058 1289 Darne
1074 1249 1271 1298 Isabeau,
1293 1263 1319 1290 a
1338 1249 1430 1291 mui
1453 1249 1591 1291 nobre

138 1317 339 1372 duquesa
361 1318 416 1360 de
442 1318 702 1371 Borgonha,
729 1333 813 1373 que
836 1326 1047 1373 protegen
1074 1334 1124 1361 os
1146 1319 1385 1361 sobrinhos
1413 1320 1590 1362 desam-

138 1390 346 1446 perardus,
371 1405 396 1432 e
416 1389 634 1432 defendeu
655 1390 865 1433 animosa
896 1406 922 1433 a
962 1391 1181 1433 memoria
1216 1392 1272 1434 do
1304 1392 1463 1435 irmao.
1501 1377 1588 1435 Em

136 1467 270 1506 outra
293 1463 510 1511 moldura.
537 1459 718 1505 envolta
742 1477 812 1504 em
842 1478 1018 1518 pannos
1046 1463 1099 1505 de
1128 1464 1266 1515 lucto,
1299 1465 1356 1508 D.
1391 1465 1590 1506 Fernan-

140 1534 216 1591 do,
242 1548 269 1577 o
287 1534 470 1577 Infante
492 1535 635 1578 Santo
651 1533 723 1585 (ι),
751 1535 875 1590 cujos
891 1550 1017 1577 ossos
1035 1534 1314 1593 (resgatados
1331 1538 1486 1592 (1473)
1509 1551 1588 1578 an·

137 1619 222 1650 nos
242 1607 396 1663 depois
418 1608 471 1650 de
492 1622 519 1649 o
543 1608 840 1651 Condestavel
859 1613 926 1649 ter
948 1608 1125 1650 descido
1145 1610 1171 1650 ἑ
1196 1616 1308 1651 cova
1329 1624 1353 1650 e
1375 1609 1589 1651 conduzi-

137 1681 220 1724 dos
240 1682 267 1724 ἑ
289 1680 528 1724 silenciosa
550 1683 723 1737 capella
745 1682 800 1724 do
818 1681 1042 1724 fundador
1060 1683 1112 1723 de
1134 1682 1180 1725 S.
1199 1681 1337 1724 Maria
1357 1680 1413 1722 da
1436 1681 1591 1722 Victo-

138 1754 206 1796 ria
227 1753 344 1796 onde
365 1753 529 1808 jaziam
550 1769 600 1796 os
622 1753 823 1811 irmios),
845 1754 979 1796 ainda
1009 1761 1140 1797 entfio
1164 1753 1494 1808 permaneciam
1516 1767 1587 1796 em

145 1826 252 1876 Fez,
280 1840 363 1867 nas
387 1833 513 1868 maos
535 1828 615 1868 dos
637 1826 811 1869 Infieis.

203 1897 374 1953 Temos
396 1898 530 1940 ainda
554 1899 612 1940 D.
639 1899 788 1955 Jaime
810 1912 835 1940 e
859 1899 916 1941 D.
934 1899 1062 1955 joe-10.
1084 1898 1122 1940 O
1140 1897 1365 1952 primeiro,
1387 1910 1465 1938 um
1483 1910 1589 1938 ver-

141 1970 324 2013 dadeiro
346 1970 591 2018 sacerdote,
623 1983 941 2011 conservou-se
966 1968 1039 2010 fiel
1078 1983 1131 2011 ao
1162 1983 1239 2010 seu
1268 1970 1452 2010 lemma:
1477 1968 1590 2011 malo

142 2042 255 2085 mori
269 2056 396 2098 quam
411 2041 590 2097 soedari,
612 2041 808 2083 virtuoso
822 2055 846 2082 e
861 2047 1004 2099 casto.
1027 2041 1162 2082 Preso
1179 2055 1250 2082 ern
1269 2039 1583 2094 Alfarrobeira,

141 2114 293 2156 vivera
315 2113 394 2155 dos
422 2113 475 2155 15
494 2127 572 2155 aos
591 2125 645 2168 17
664 2112 849 2154 debaixo
870 2113 926 2154 da
955 2114 1094 2154 tutela
1114 2114 1193 2155 dos
1211 2113 1395 2166 Duques
1411 2111 1465 2153 de
1482 2113 1593 2153 Bor-

143 2186 311 2242 gonha,
339 2185 546 2240 partindo
568 2199 640 2227 em
668 2185 781 2240 1451
808 2199 913 2239 para
939 2184 1128 2238 Perugia
1144 2198 1271 2227 como
1290 2183 1591 2238 protonotario

141 2259 409 2314 apostolico,
430 2257 623 2299 subindo
641 2257 943 2311 rapidamente
961 2259 1015 2299 de
1034 2257 1157 2310 bispo
1174 2257 1225 2297 de
1243 2258 1382 2297 Arras
1404 2269 1429 2296 e
1453 2254 1592 2296 abba-

141 2331 197 2374 de
218 2332 272 2373 de
307 2332 469 2384 Douay
496 2344 518 2372 a
555 2329 794 2382 Areebispo
826 2329 957 2370 eleito
986 2329 1039 2370 de
1069 2329 1252 2370 Lisboa.
1291 2327 1377 2368 Em
1416 2326 1532 2381 1456
1566 2340 1593 2368 o

145 2403 270 2457 Papa
293 2416 541 2444 nomeou-o
567 2402 704 2455 Bispo
722 2401 775 2442 de
794 2399 942 2450 Pafos,
967 2415 1026 2442 na
1050 2413 1221 2441 mesma
1238 2399 1328 2440 ilha
1346 2399 1399 2440 de
1426 2399 1591 2453 Chipre

144 2490 231 2531 que
253 2489 279 2516 o
305 2475 447 2518 irmio
471 2474 605 2517 havia
627 2474 680 2514 de
702 2486 922 2527 governar
945 2486 1076 2514 como
1102 2472 1202 2514 Rei.
1237 2474 1364 2525 Apos
1386 2471 1482 2513 dois
1503 2486 1591 2514 an-

145 2561 230 2591 nos
250 2546 309 2589 foi
332 2546 438 2588 seito
463 2546 651 2589 Cardeal
676 2545 727 2586 de
751 2543 796 2587 S.
818 2544 959 2586 Maria
986 2544 1031 2585 in
1066 2543 1258 2586 Porticu.
1295 2543 1413 2584 Indo
1437 2557 1464 2585 a
1488 2544 1590 2586 Flo-

142 2632 275 2673 renea
296 2631 427 2661 corno
446 2618 618 2672 legado,
641 2618 853 2666 adoeceu,
875 2615 1108 2657 morrendo
1126 2628 1225 2656 com
1242 2627 1408 2669 apenas
1433 2615 1491 2659 26
1514 2629 1595 2658 an-

139 2798 228 2845 pela
247 2806 374 2833 morte
393 2796 441 2832 de
459 2796 505 2831 D.
528 2794 670 2831 Carlos
690 2794 738 2830 de
756 2793 916 2830 Vianna
937 2794 999 2842 (23
1022 2793 1105 2832 Set.
1125 2792 1173 2829 de
1204 2791 1325 2841 1461),
1351 2792 1500 2830 cuidou
1525 2804 1594 2829 ca-

140 2857 438 2894 rinhosamente
459 2855 511 2891 do
529 2853 626 2891 filho
639 2852 758 2889 d'este
779 2853 974 2900 Principe.
996 2852 1043 2888 V.
1064 2851 1092 2899 S
1110 2851 1157 2888 28
1174 2851 1226 2888 do
1245 2863 1316 2888 seu
1339 2859 1593 2888 testamento.

190 2915 244 2963 (1)
298 2916 409 2959 Pina,
431 2915 583 2953 Chron.
602 2914 721 2962 Ass„
742 2925 775 2949 c.
803 2924 883 2960 ¹72-
