1786 3198
265 175 345 228 556
757 181 796 210 E.
831 181 884 208 DE
915 179 1113 216 HINOJOSA

211 283 296 323 que
318 281 370 308 en
395 264 519 308 Leon
541 279 572 319 y
596 261 787 306 Castilla
810 260 1060 315 sustituyen
1084 272 1138 300 en
1163 257 1204 300 el
1239 257 1354 313 siglo
1375 269 1443 300 ΧΠ
1479 259 1522 300 al
1555 258 1668 300 anti-

210 354 299 394 guo
323 338 462 392 sayon
486 335 578 377 real
601 335 627 376 ὁ
649 338 870 390 exequutor
899 331 967 374 del
1003 330 1186 386 periodo
1216 329 1453 385 visigotico
1476 343 1506 385 y
1527 329 1581 372 de
1604 329 1675 381 los

210 413 426 466 primeros
450 408 586 463 siglos
608 407 662 449 de
684 407 729 448 la
753 403 1072 459 Reconquista:

264 541 386 586 1380·
442 538 623 575 Leuedes
642 548 698 573 un
717 543 891 583 portero,
912 543 1033 581 tengo
1052 545 1130 582 que
1152 544 1221 569 vos
1239 544 1336 570 aura
1357 545 1428 580 pro

265 612 385 648 1.449.
439 599 487 636 El
508 607 667 646 portero
681 608 759 633 con
779 595 877 632 ellos
896 607 974 643 que
995 595 1053 631 los
1072 595 1122 630 ha
1142 594 1190 630 de
1209 593 1406 642 aguardar

263 660 382 707 1.536.
439 659 486 695 El
506 666 665 706 portero
684 656 747 693 del
766 668 853 704 rrey
871 655 1002 703 quitar
1021 654 1061 691 lo
1081 655 1284 691 mandaua

255 721 385 768 2,962.
437 718 627 755 Andaran
647 728 761 764 myos
780 725 961 764 porteros
981 727 1052 763 por
1071 715 1167 752 todo
1195 726 1288 762 myo
1307 727 1454 764 rreyno

435 781 687 827 Pregonaran
706 777 760 813 mi
778 785 864 813 cort
883 787 980 823 pora
998 775 1210 812 dentro‘en
1228 775 1415 814 Tolledo.

273 919 365 960 Las
382 914 649 971 principales
667 911 965 955 atribuciones
983 909 1119 952 delos
1137 910 1345 952 Porteros
1363 924 1467 953 eran
1487 910 1598 954 citar
1617 926 1674 954 en

209 989 396 1034 nombre
428 987 497 1030 del
523 987 637 1042 Rey,
671 984 878 1027 notificat
903 998 980 1026 sus
1003 983 1240 1026 mandatos
1260 997 1290 1038 y
1313 984 1391 1026 dar
1413 983 1624 1038 posesion
1649 985 1676 1027 έι
1719 1005 1724 1008 ·

211 1065 278 1106 los
293 1076 377 1117 que
390 1059 599 1103 obtenian
614 1057 1083 1100 sentencia'favorable
1098 1057 1168 1099 del
1185 1056 1380 1099 tribunal
1397 1058 1452 1099 de
1467 1052 1678 1101 la‘Corte.

274 1133 465 1176 Irritado
488 1137 646 1174 contra
669 1132 708 1173 el
741 1130 824 1173 Cid
847 1143 1014 1185 porque
1037 1129 1173 1171 habia
1194 1128 1384 1172 cobrado
1407 1130 1476 1172 las
1509 1129 1675 1185 parias,

210 1209 251 1250 el
287 1208 382 1262 Rey
410 1207 451 1248 le
486 1205 716 1256 destierra,
743 1203 930 1246 dandole
959 1216 1068 1258 para
1095 1202 1202 1244 salir
1233 1216 1292 1244 un
1317 1202 1451 1245 breve
1474 1203 1623 1258 plazo,
1647 1216 1678 1261 y

209 1291 431 1320 amenaza
454 1290 538 1319 con
568 1289 684 1331 pena
714 1276 768 1318 de
797 1276 840 1318 la
863 1275 966 1318 vida
997 1289 1024 1330 y
1059 1274 1359 1318 confiscacion
1393 1275 1448 1317 de
1473 1274 1629 1317 bienes
1649 1277 1677 1318 a

207 1351 360 1405 quien,
381 1354 507 1391 entre
527 1354 669 1399 tanto,
690 1348 732 1391 le
753 1348 964 1404 albergue
983 1349 1009 1390 ὁ
1027 1348 1068 1390 le
1087 1347 1228 1404 ayude
1248 1348 1301 1391 de
1326 1347 1556 1403 cualquier
1579 1353 1679 1391 otra

211 1437 397 1465 manera
421 1420 492 1468 (¹):

209 1621 357 1649 tassent
379 1621 579 1661 quantum
600 1612 654 1649 ibi
683 1613 885 1650 habebant
910 1612 960 1649 ad
978 1611 1107 1660 ipsum
1129 1612 1209 1660 jam
1228 1612 1451 1660 predictum
1469 1621 1675 1650 monaste-

207 1672 310 1708 rium
316 1700 389 1710 .....
414 1673 633 1720 Imperator
650 1673 834 1721 captabat
852 1672 887 1710 ei
905 1680 1101 1720 quantum
1122 1672 1176 1708 ibi
1202 1672 1409 1711 habebat.»
1442 1673 1568 1723 (Esp.
1589 1674 1673 1710 Sa-

209 1733 364 1781 grada,
386 1732 1019 1780 XX‚p5g-271-‘)-1¹71=“m-Et
1032 1743 1100 1767 rex
1113 1731 1239 1767 missit
1254 1732 1469 1779 portarium
1484 1744 1601 1769 suum
1607 1759 1674 1771 .....

210 1792 278 1839 qui
284 1818 357 1828 .....
379 1800 423 1827 ut
442 1791 681 1828 memorialis
694 1801 796 1828 esset
811 1792 1005 1837 defensio,
1026 1791 1164 1838 regalis
1183 1792 1394 1839 portarius,
1412 1793 1492 1829 huc
1511 1801 1549 1829 et
1563 1792 1676 1839 illuc,

211 1863 303 1887 cum
322 1851 498 1899 quodam
522 1851 660 1888 ticioni
676 1852 933 1901 designavit.»
955 1852 1099 1900 (Cart.
1118 1853 1169 1897 de
1186 1852 1322 1889 Sama
1333 1853 1488 1890 Marta
1503 1854 1554 1891 de
1571 1853 1674 1891 Rio-

212 1923 315 1958 secO,
330 1911 401 1949 fol.
423 1925 467 1949 1o
480 1911 623 1960 v.⁰)—1
636 1913 714 1950 186:
734 1913 843 1960 «Ego
857 1911 1094 1948 Dominicus
1109 1911 1225 1958 Petri,
1242 1912 1439 1959 portarius
1458 1913 1589 1961 Regis,
1606 1913 1678 1962 qui

212 1972 398 2018 dominos
417 1981 552 2009 sancte
573 1973 692 2010 Marie
722 1973 770 2010 de
788 1973 934 2010 Toleto
939 1999 1012 2011 .....
1031 1972 1140 2008 missi
1170 1972 1210 2008 in
1237 1972 1494 2010 hereditatem
1514 1984 1675 2021 supras-

215 2031 419 2080 criptam.»
447 2032 590 2080 (Cart.
610 2033 636 2070 I
654 2033 766 2070 dela
783 2032 987 2071 Catedral
1003 2034 1053 2070 de
1075 2032 1243 2079 Toledo,
1265 2032 1339 2069 fol.
1365 2035 1443 2081 79.)

263 2091 316 2140 (1)
368 2092 443 2129 Las
462 2093 664 2129 clriusulas
682 2093 843 2141 penales
860 2093 923 2130 del
942 2092 1136 2141 siguiente
1161 2093 1342 2141 diploma
1361 2094 1409 2129 de
1429 2092 1602 2130 Alfonso
1620 2094 1677 2131 Vt

216 2153 309 2201 (que
328 2164 383 2189 no
401 2164 488 2197 son,
514 2165 587 2201 por
606 2162 691 2190 otra
712 2162 834 2201 parte,
857 2153 1076 2201 peculiares
1095 2154 1143 2190 de
1162 2154 1221 2190 los
1246 2153 1294 2190 de
1321 2163 1401 2190 este
1429 2154 1543 2202 Rey),
1563 2165 1675 2191 acre—

214 2212 323 2248 ditan
351 2213 387 2248 la
416 2213 618 2249 exactitud
636 2212 699 2250 del
718 2215 886 2256 Poema,
914 2225 995 2249 aun
1021 2225 1072 2250 en
1101 2213 1160 2250 los
1190 2213 1354 2249 detalles
1374 2215 1457 2250 mas
1475 2213 1675 2250 secunda-

214 2271 307 2307 rios:
327 2272 376 2308 A.
399 2284 504 2320 1099:
523 2286 539 2307 (ι
551 2273 747 2322 Quisquis
760 2283 894 2311 autem
909 2274 1033 2310 homo
1048 2283 1186 2311 contra
1201 2274 1304 2310 hanc
1323 2274 1463 2311 seriem
1484 2273 1679 2322 scripture

218 2332 380 2377 venerit,
406 2341 445 2369 et
462 2344 548 2369 eam
569 2333 782 2382 infringere
797 2334 999 2371 conaverit
1004 2362 1077 2373 .....
1097 2333 1230 2371 veniat
1243 2345 1361 2382 super
1380 2346 1471 2371 eum
1491 2334 1587 2370 iram
1605 2334 1677 2372 Dei

216 2400 254 2428 et
271 2392 466 2439 rumphea
496 2393 583 2440 celi,
604 2404 815 2443 careatque
841 2395 1000 2432 duobus
1018 2394 1149 2439 fronte
1175 2394 1412 2442 luminibus,
1432 2395 1567 2432 hereat
1592 2395 1677 2432 eius

217 2451 353 2499 lingua
384 2462 500 2489 antro
530 2465 580 2490 ne
610 2454 755 2502 aspiret
781 2454 1043 2492 confessionis
1071 2466 1201 2492 sermo
1232 2455 1273 2490 in
1308 2455 1371 2492 die
1398 2466 1598 2503 supremo,
1628 2455 1679 2493 sit

218 2521 420 2558 separatus
445 2526 465 2549 a
493 2514 641 2550 Christi
660 2526 824 2563 corpore
854 2524 892 2552 et
910 2527 933 2552 a
951 2515 1135 2552 vivorum
1158 2515 1338 2563 regiones
1357 2524 1395 2552 ct
1422 2527 1513 2552 cum
1534 2509 1694 2553 Datam¹

218 2578 257 2606 et
274 2571 426 2608 Abiron
447 2574 709 2611 obsorbeatur
728 2574 769 2611 in
794 2575 952 2613 inferno
972 2576 1172 2624 inferiore,
1192 2585 1385 2613 muttetur
1406 2585 1539 2614 eterna
1559 2577 1674 2613 dam-

219 2631 422 2677 pnatione,
442 2645 532 2670 cum
552 2634 654 2671 Juda
669 2636 832 2672 Domini
847 2637 1062 2684 proditore,
1077 2638 1288 2675 derelictus
1307 2650 1330 2674 a
1344 2637 1444 2685 Deo,
1461 2638 1502 2674 in
1517 2638 1678 2675 inferno

220 2700 409 2736 perpetuo
428 2692 531 2741 igne,
551 2706 624 2731 nec
642 2695 683 2731 in
703 2696 846 2733 ultimo
866 2698 1034 2746 geminis
1053 2697 1115 2734 die
1134 2707 1263 2735 careat
1282 2698 1677 2735 eterna·confusione

219 2758 264 2785 ut
281 2749 349 2785 has
369 2751 451 2788 luat
465 2765 587 2800 penas
605 2755 645 2790 in
664 2757 919 2804 generatione
931 2766 970 2795 et
987 2758 1242 2805 generatione
1261 2770 1394 2806 amen,
1413 2767 1451 2795 et
1465 2770 1515 2795 ne
1534 2757 1575 2794 in
1590 2770 1679 2806 pre·

220 2809 322 2845 senti
341 2821 471 2848 careat
491 2814 760 2863 tribulatione,
781 2826 870 2864 post
888 2827 1038 2865 partem
1059 2818 1301 2866 monasterii,
1322 2827 1521 2867 quantum
1548 2817 1677 2855 aufer-

221 2879 263 2904 re
282 2869 452 2908 voluerit
472 2873 679 2922 duplatum
701 2885 739 2913 et
759 2877 962 2925 triplatum
977 2879 1018 2915 in
1032 2879 1149 2916 simili
1167 2879 1256 2917 loco
1276 2887 1505 2927 componat,
1528 2887 1566 2916 et
1588 2886 1678 2926 post
