1786 3198
240 264 290 304 23
720 269 760 294 A.
793 263 1087 294 morien-Fano

186 370 264 396 xm
284 351 439 394 mensis
462 346 711 393 novembris,
733 342 959 398 praesertim
980 354 1075 382 cum
1088 354 1139 381 eo
1153 339 1283 380 ferme
1303 344 1490 390 tempore
1509 346 1633 376 acce-

186 421 315 475 perim
349 420 432 460 duo
458 415 670 457 volumina
697 409 979 453 Conciliorum
1001 422 1094 461 quae
1120 407 1174 447 ad
1203 420 1270 446 me
1299 402 1452 446 misisti
1479 406 1522 444 et
1555 413 1632 454 par

185 494 291 529 esset
312 500 376 526 me
391 483 464 525 tibi
481 481 631 535 gratias
648 492 766 531 agere
782 477 907 518 etiam
926 488 1000 528 pro
1015 473 1173 514 recenti
1188 473 1264 513 illo
1278 469 1484 512 beneficio
1501 468 1544 508 in
1564 480 1632 507 me

185 555 352 595 collato.
392 551 497 590 Vero
532 549 690 600 aliquot
729 543 1028 596 occupationes
1060 554 1203 594 eaeque
1234 551 1369 592 neque
1402 534 1634 578 admodum

186 626 309 673 gratae
328 631 458 670 neque
478 615 614 662 utiles,
637 618 768 652 totum
784 610 888 650 illud
909 615 1075 660 tempus
1094 606 1198 647 mihi
1218 609 1448 657 rapuerunt
1467 598 1553 656 quo
1572 599 1635 642 in-

188 685 379 737 digebam
406 690 448 723 ut
476 680 600 721 variis
623 679 813 732 epistolae
833 683 913 716 tuae
934 674 1143 727 capitibus
1162 671 1477 723 responderem.
1509 668 1636 708 Nunc

188 752 352 792 tandem
374 750 473 790 liber
493 763 517 789 a
537 745 727 787 molestis
749 744 834 784 illis
854 741 1047 794 negotiis,
1070 747 1158 780 tum
1188 739 1314 779 etiam
1341 735 1638 790 interpellatus

190 818 343 858 ultimis
365 816 445 856 tuis
466 814 598 856 literis
618 813 726 852 datis
742 812 811 852 die
825 823 908 851 xxv
926 808 1048 861 junii,
1067 808 1119 848 ad
1133 805 1318 847 officium
1333 816 1473 845 meum
1489 800 1635 848 reden.

190 882 546 926 Excellentissime
566 878 767 927 Domine,
790 876 998 929 simulque
1017 874 1185 915 veniam
1207 872 1376 926 postulo
1406 869 1530 912 istius
1555 866 1640 908 mei

190 949 349 991 delicti.

245 1017 306 1056 Ac
324 1015 516 1067 primum,
539 1019 583 1053 ut
605 1012 701 1053 inde
722 1011 860 1052 ordiar
875 1009 986 1049 unde
1005 1015 1049 1048 tu
1067 1019 1233 1061 quoque
1250 1017 1370 1046 orsus
1389 1017 1450 1052 es,
1469 999 1640 1043 excussi

193 1082 276 1122 duo
294 1081 367 1121 illa
384 1079 596 1120 volumina
617 1077 903 1119 Conciliorum
921 1081 962 1115 et
990 1075 1032 1115 in
1063 1073 1125 1115 eis
1151 1071 1333 1126 plurima
1357 1071 1466 1111 bona
1483 1069 1642 1122 depre-

194 1147 320 1188 hendi
338 1154 377 1187 et
398 1146 595 1186 nonnulla
614 1145 738 1186 etiam
759 1142 917 1184 inedita
935 1155 1027 1195 quae
1049 1141 1148 1181 mihi
1170 1138 1264 1180 usui
1284 1139 1371 1179 fore
1390 1149 1531 1190 spero.
1554 1133 1643 1176 Sed

195 1213 235 1254 in
255 1213 398 1266 primis
417 1212 536 1252 valde
557 1225 623 1252 me
644 1209 868 1251 delectauit
890 1207 1074 1262 praefatio
1087 1206 1263 1262 Joannis
1282 1203 1488 1258 Baptistae
1509 1203 1642 1244 Pere-

196 1279 247 1320 zii
266 1280 450 1333 episcopi
471 1277 799 1331 Segobricensis‚
819 1290 942 1330 quern
957 1275 1057 1316 hinc
1076 1274 1230 1327 colligo
1245 1272 1379 1313 virum
1395 1270 1524 1311 fuisse
1541 1269 1644 1311 doc·

195 1353 282 1387 tum
313 1353 353 1386 et
387 1346 429 1386 in
459 1344 698 1398 hujusmodi
733 1343 881 1384 studiis
910 1341 1316 1383 exercitatissimum.
1348 1338 1507 1379 Totum
1536 1334 1645 1377 illud

197 1414 307 1466 quod
327 1413 378 1453 ad
398 1413 631 1452 institutum
651 1424 789 1451 meum
811 1409 1003 1462 pertinet,
1026 1408 1078 1449 ad
1098 1420 1252 1448 nouam
1280 1404 1478 1446 videlicet
1505 1415 1645 1445 meam

197 1478 478 1519 collectionem
494 1479 794 1524 Conciliorum,
811 1475 1043 1517 describam
1059 1487 1154 1514 cum
1171 1474 1282 1514 bona
1299 1479 1369 1512 tua
1385 1469 1528 1517 venia,
1543 1469 1648 1510 doc-

199 1543 354 1585 tissime
387 1544 578 1592 Domine,
614 1548 654 1584 et
687 1543 826 1584 statim
860 1542 993 1595 prima
1022 1555 1187 1595 quoque
1220 1538 1442 1580 occasione
1474 1536 1647 1578 codices

200 1610 296 1650 illos
314 1611 530 1659 remittam,
562 1616 608 1651 ut
627 1624 700 1663 par
730 1616 808 1651 est.
842 1610 1038 1649 Ceterum
1070 1607 1198 1649 editio
1231 1620 1326 1647 mea
1357 1603 1647 1646 Conciliorum

202 1676 384 1716 nondum
404 1676 592 1716 inchoata
616 1682 690 1723 est,
714 1675 827 1728 quia,
857 1680 901 1714 ut
930 1675 1031 1715 olim
1061 1674 1114 1714 ad
1142 1679 1184 1714 te
1213 1671 1434 1725 scripsisse
1454 1669 1644 1717 memini,

203 1754 361 1794 semper
380 1748 555 1795 expecto
574 1743 707 1782 donec
723 1742 894 1794 prodeat
909 1740 1101 1781 collectio
1117 1740 1309 1793 quaedam
1328 1739 1518 1778 veterum
1536 1735 1648 1790 epis·
1687 1786 1691 1792 ,

202 1808 374 1849 tolarum
395 1809 670 1861 synodalium
695 1822 822 1862 quam
853 1808 1116 1849 Christianus
1143 1808 1294 1860 Lupus
1315 1805 1650 1858 Augustinianus

205 1875 334 1927 Belga
360 1876 527 1916 curabat
556 1875 623 1924 (1),
656 1890 747 1929 quae
780 1889 879 1915 vero
907 1875 1092 1915 nondum
1125 1874 1169 1914 in
1203 1874 1356 1926 vulgus
1385 1873 1504 1914 exiit.
1539 1872 1650 1926 Spes

206 1945 339 1979 autem
366 1948 427 1981 est
456 1941 572 1981 breui
606 1941 875 1994 prodituram,
908 1940 1104 1993 quoniam
1139 1941 1304 1992 Lupus,
1334 1938 1406 1992 qui
1440 1943 1650 1978 tantarum

205 2018 406 2047 morarum
426 2014 567 2048 auctor
587 2014 686 2055 erat,
710 2020 841 2059 nuper
874 2013 1059 2047 mortuus
1086 2012 1164 2054 est,
1188 2012 1229 2047 et
1258 2004 1478 2058 probabile
1497 2009 1558 2045 est
1579 2008 1651 2056 ty-

207 2072 477 2124 pographum,
495 2074 566 2127 qui
587 2087 696 2114 nunc
716 2072 884 2113 tandem
904 2073 1010 2113 liber
1027 2079 1105 2120 est,
1124 2072 1372 2113 emissurum
1388 2075 1654 2125 quantocyus

208 2143 333 2178 totam
354 2138 463 2179 illam
484 2140 727 2192 farraginem
757 2139 1044 2192 epistolarum.
1078 2141 1222 2192 Itaque
1244 2138 1384 2179 statim
1407 2143 1502 2191 post
1521 2136 1653 2178 abso-

211 2203 350 2248 lutam,
383 2205 449 2244 cui
483 2219 592 2246 nunc
628 2205 840 2254 incumbo,
879 2205 1106 2246 editionem
1136 2206 1406 2259 epistolarum
1440 2205 1654 2244 Innocen-

210 2266 257 2306 tii
277 2269 336 2308 III
360 2269 425 2317 (2),
450 2276 549 2322 puto
571 2285 635 2312 me
655 2272 946 2311 inchoatarum
965 2271 1196 2312 editionem
1217 2270 1524 2312 Conciliorum.

266 2334 391 2374 Miror
406 2335 675 2376 Anissonium
689 2335 965 2389 bibliopolam
982 2337 1309 2388 Lugdunensem
1329 2335 1518 2377 nondum
1539 2334 1593 2376 ad
1614 2340 1657 2375 te

212 2397 372 2439 misisse
393 2402 591 2452 opuscula
610 2401 880 2443 illustrissimi
899 2402 979 2442 viri
1000 2402 1113 2443 Petri
1135 2404 1187 2442 de
1203 2404 1360 2450 Marca,
1381 2415 1474 2455 quae
1490 2400 1656 2455 jamdiu

214 2462 338 2504 missa
370 2466 422 2505 ad
457 2467 573 2507 illum
610 2474 827 2521 propterea
859 2474 969 2516 sunt,
1003 2468 1124 2521 eique
1156 2483 1179 2509 a
1212 2469 1335 2510 fratre
1365 2481 1459 2509 meo
1483 2467 1654 2510 tradita.

212 2528 375 2581 Vrgebo
395 2531 512 2572 illum
533 2533 837 2583 vehementius,
860 2540 899 2575 et
926 2535 962 2575 si
993 2534 1096 2575 forte
1126 2535 1311 2576 nondum
1331 2535 1375 2574 in
1395 2548 1543 2576 manus
1562 2540 1658 2576 tuas

212 2597 481 2646 peruenerim,
504 2599 637 2639 mittat
656 2600 768 2640 aliud
787 2593 1001 2653 exemplar
1021 2615 1146 2654 quam
1166 2601 1506 2654 diligentissime.

265 2755 314 2803 (ι)
364 2756 546 2795 Chretien
583 2760 693 2797 Wolf
721 2762 983 2810 (1612-1681),
1019 2762 1202 2810 agustino
1231 2763 1363 2811 belga.
1399 2763 1551 2800 Resefia
1588 2773 1657 2799 sus

215 2814 329 2881 obras
343 2815 526 2864 juridieas
542 2831 564 2866 y
579 2820 790 2867 teologicas
804 2822 989 2864 Niceron,
1006 2822 1231 2860 Memoires
1240 2834 1347 2872 pour
1361 2822 1490 2861 servir
1503 2822 1533 2860 ὰ,
1546 2821 1663 2859 l'his-

217 2881 317 2911 tozre
333 2876 401 2912 des
419 2876 590 2915 hommes
609 2878 796 2924 illustres,
813 2891 922 2918 tomo
942 2882 1029 2923 Vll,
1051 2882 1157 2929 pfigs.
1175 2894 1247 2928 204
1263 2895 1286 2930 y
1305 2883 1534 2931 signientes.

247 2935 319 2999 ·(2)
368 2935 648 2984 Epistolarum
674 2940 898 2977 Innocentii
917 2942 993 2979 III
1013 2942 1399 2992 romanipontificis
1419 2942 1517 2980 libri
1533 2943 1663 2980 unde-

215 3004 310 3029 czm:
330 2995 448 3041 Paris,
475 2997 576 3043 1682,
598 2998 668 3034 dos
691 3007 816 3035 tomos
834 3012 883 3037 en
903 3001 1013 3039 folio.
