1786 3198
469 249 643 279 ALFONSI
675 251 872 281 VALDRSH
902 253 1098 281 mT‘rBRAE
1125 254 1178 281 xr„
1209 254 1399 282 maome
1518 253 1596 294 395

196 336 279 385 mo
307 342 442 372 mane
476 335 527 373 ut
555 330 685 381 solet,
721 330 827 374 hinc
857 331 1094 382 discedere,
1127 337 1247 376 recta
1274 340 1428 376 versus
1456 334 1648 389 Burgos.

198 401 350 460 Quare
370 415 461 444 non
485 415 598 457 opus
618 407 686 444 est
708 408 758 444 ut
780 402 953 445 litteras
975 403 1087 446 salvi
1121 404 1370 448 conductus
1389 411 1528 460 petas,
1553 405 1649 447 Ve-

193 464 454 518 rum‘famen
477 474 514 516 si
537 474 646 517 libet
667 474 756 517 huc
769 475 936 526 venire,
952 475 1046 530 jam
1065 481 1190 519 tanta
1207 476 1318 520 mihi
1340 477 1531 521 accessit
1546 491 1651 520 auc·

195 546 358 590 toritas
378 551 428 590 ut
458 545 589 588 facile
618 559 732 601 quos
759 546 893 589 velim
925 547 1220 598 introducam3
1247 548 1364 598 veni,
1391 562 1479 591 non
1509 549 1648 592 deerit

194 618 443 678 hospitium
465 633 547 661 nec
568 618 763 662 intrandi
786 618 993 664 facultas,
1020 620 1280 664 Consultius
1301 627 1452 664 tamen
1477 621 1646 676 judica·

193 705 291 737 rem
314 697 366 734 ut
386 692 457 734 vel
481 691 526 734 in
550 690 896 735 Turrecremata
926 693 997 734 vel
1033 692 1077 734 in
1112 694 1377 748 Palencuela
1410 694 1646 737 Cancella-
1672 690 1675 692 ’

191 764 311 808 rium
334 776 537 820 sperares
558 770 691 820 atque
714 764 950 807 nobiscum
974 779 1114 820 usque
1136 766 1191 808 ad
1225 767 1400 821 Burgos
1429 765 1531 817 i1·es;
1566 780 1644 809 cu·

190 836 393 881 rabimus
414 842 464 879 ut
487 837 546 880 sit
567 837 647 879 tibi
671 837 832 880 domus
854 843 1019 879 nostrae
1042 837 1257 892 proxima.

251 909 355 967 Quo
376 911 505 952 vultu
529 910 682 953 Caesar
703 910 923 965 exceperit
954 910 1281 953 Cancellarium
1315 911 1433 952 malo
1468 925 1543 953 ore
1563 925 1639 954 ex·

192 996 360 1038 ponere
381 995 516 1037 quam
554 981 627 1024 hic
659 982 867 1033 scribere,
904 987 1025 1024 certe
1056 981 1164 1024 nihil
1200 982 1417 1025 hactenus
1448 984 1536 1025 vidi
1560 997 1646 1027 nec

191 1054 475 1098 commodius
508 1068 592 1096 nec
629 1053 888 1104 humanius,
925 1061 1055 1109 prout
1087 1054 1165 1096 tibi
1203 1056 1392 1097 relatum
1423 1071 1519 1098 esse
1551 1071 1643 1099 non

189 1127 357 1172 dubito.
383 1127 544 1171 Cetera
576 1141 659 1182 ego
681 1141 880 1182 praesens
911 1141 1147 1182 exponam.
1174 1128 1503 1171 Marescalchus
1527 1129 1643 1184 Cilly

188 1212 283 1243 non
297 1199 382 1242 fuit
398 1199 565 1242 missus
580 1201 758 1254 Burgos
775 1199 839 1242 uti
857 1200 1108 1255 sperabam,
1130 1200 1209 1242 ivit
1225 1207 1376 1242 tamen
1393 1201 1642 1258 Joanninus

188 1271 485 1316 Bourchovus
508 1285 643 1326 quem
666 1278 829 1314 vocant
852 1272 892 1314 le
915 1273 1110 1327 Borgne,
1137 1272 1203 1314 vir
1224 1272 1387 1327 probus
1409 1278 1453 1314 et
1474 1272 1550 1327 qui
1573 1274 1642 1315 sui

190 1343 367 1388 similes
388 1350 529 1389 amat.
555 1344 711 1387 Scribe
734 1345 798 1387 illi
821 1350 871 1387 ut
893 1344 1058 1387 habeas
1082 1344 1325 1400 hospitium
1351 1358 1439 1387 non
1461 1346 1594 1400 longe
1615 1360 1642 1387 a

196 1416 493 1461 Cancellario.
517 1415 642 1458 Nihil
667 1416 778 1458 mihi
802 1421 880 1458 tua
902 1417 1217 1459 consuetudine
1237 1416 1424 1471 gratius.
1447 1417 1577 1461 Vale.

246 1489 468 1533 Palantiae
489 1502 516 1546 7
542 1487 748 1532 Octobris
768 1491 904 1532 1527.
930 1487 1057 1531 Tuus
1079 1495 1271 1543 quantus
1292 1495 1360 1532 est
1382 1489 1639 1532 Valdesius.

246 1561 457 1619 Sigillum
479 1575 656 1604 cereum.

247 1635 306 1679 In
322 1635 463 1678 dorso.-
483 1633 748 1678 Clarissimo
770 1634 867 1677 viro
886 1632 1082 1676 Domino
1101 1632 1266 1690 Joanni
1284 1633 1502 1676 Dantisco
1516 1632 1644 1675 Sermi

187 1708 326 1764 Regis
348 1706 548 1751 Poloniae
569 1706 754 1751 oratori.

245 1779 354 1824 Alia
376 1794 525 1823 manu:
551 1780 660 1822 Dat.
687 1779 903 1822 Palentiae
932 1792 956 1835 7
984 1778 1179 1829 Octobr„
1212 1778 1303 1820 red.
1328 1777 1373 1820 in
1398 1778 1589 1820 Paredes
1613 1777 1642 1820 8

184 1852 402 1909 eiusdem.

249 1925 327 1982 Cf
350 1925 549 1983 epistolas
570 1924 677 1967 duas
707 1925 764 1967 ad
796 1925 1046 1969 Dantiscum
1079 1924 1230 1966 ibidem
1258 1923 1395 1967 eodem
1417 1923 1483 1965 dic
1503 1923 1641 1974 datas,

194 1999 378 2042 alteram
400 2013 426 2041 α
449 1997 732 2049 cancellario,
757 1998 937 2041 alteram
957 2012 985 2040 a
1011 1996 1371 2041 Vicecancellario.
1405 1999 1524 2039 Acta
1546 1995 1639 2039 To·

188 2071 384 2116 miciana
406 2072 490 2122 IX,
508 2074 556 2128 p.
582 2072 797 2126 309-310.

246 2216 298 2260 S.
324 2231 369 2272 p.
438 2216 554 2259 Cum
588 2215 700 2258 istac
730 2215 968 2258 transirem
1003 2214 1123 2257 volui
1156 2214 1235 2256 tibi
1266 2214 1363 2255 vale
1394 2212 1554 2263 dicere,
1589 2218 1638 2255 tu

190 2295 345 2334 tamen
375 2290 420 2332 in
450 2295 686 2343 utramque
714 2302 869 2331 aurem
902 2288 1170 2331 dormiebaS.
1196 2286 1389 2330 Litteras
1411 2299 1640 2328 commea-

185 2368 264 2406 tus
280 2376 393 2418 quas
409 2377 436 2405 a
454 2375 527 2404 me
549 2360 715 2416 petiisti
738 2360 860 2403 dabit
879 2361 1196 2414 Comalongas,
1218 2358 1256 2400 is
1273 2363 1339 2399 est
1359 2357 1505 2399 scriba
1520 2357 1639 2412 apud

188 2433 479 2476 secretarium
502 2421 677 2477 UiriaS.
698 2433 812 2475 Vale
833 2437 878 2474 et
899 2431 999 2474 vide
1021 2446 1077 2474 ne
1100 2430 1348 2485 puellarum
1366 2429 1635 2472 Valentina—

189 2520 290 2549 rum
322 2505 539 2549 illecebris
567 2506 757 2548 allectus
779 2504 946 2547 diutius
978 2504 1076 2547 istic
1106 2517 1307 2546 maneas.
1334 2501 1643 2545 Cancellarius

188 2578 351 2622 melius
372 2578 509 2621 valet.

247 2650 430 2707 Sigunti
457 2651 511 2694 18
534 2649 640 2705 Maji
666 2648 798 2693 1528.
826 2650 952 2692 Tuus
975 2646 1228 2690 Valdesius.

246 2725 487 2783 Juvenem,
509 2721 583 2777 qui
607 2720 690 2764 has
713 2721 792 2763 tibi
815 2720 934 2763 dedit
956 2720 1000 2762 in
1023 2726 1202 2762 tuorum
1226 2731 1463 2784 numerum
1494 2718 1633 2761 ascri·

185 2797 300 2848 bito,
325 2802 394 2839 est
416 2795 537 2839 enim
562 2794 710 2837 affinis
746 2807 888 2835 meus,
916 2794 1084 2835 Iterum
1108 2792 1207 2834 vale
1236 2796 1280 2833 et
1308 2790 1465 2834 amicis
1486 2790 1639 2835 omni-

191 2869 275 2913 bus
297 2869 411 2912 meis
431 2867 576 2911 verbis
596 2862 787 2909 Salutem
810 2864 961 2908 dicito.

247 2940 460 2998 Sigillum
481 2952 653 2982 cereum.
