1786 3198
420 226 641 295 UMA
688 228 945 300 OBRA
993 229 1098 297 IN
1106 230 1383 299 EDITA

264 392 367 410 V-„QV

876 429 930 455 Do

176 579 675 646 coNDESTAvEL
725 581 785 644 D.
841 583 1067 667 PEDRQ
1122 584 1209 645 DE
1259 552 1623 646 PORTUGAL

759 774 1039 781 .—-—.

638 1139 1170 1215 INTRODUCQRO

237 1328 279 1372 O
303 1326 609 1381 manuscripto
636 1325 821 1380 original
845 1326 901 1368 do
925 1327 1137 1380 opusculo
1166 1327 1511 1380 quatrocentista
1542 1342 1624 1383 que

175 1412 315 1456 agora
335 1399 444 1442 sahe
465 1400 492 1441 a
514 1400 606 1449 luz,
632 1413 741 1453 apos
764 1399 935 1440 seculos
958 1399 1012 1440 de
1042 1399 1254 1453 ignorada
1285 1401 1499 1451 reclusae,
1539 1404 1563 1443 ἐ
1598 1415 1626 1443 o

177 1472 311 1516 unico
333 1472 562 1526 exemplar
583 1471 638 1513 de
660 1485 743 1525 que
766 1477 910 1512 ternos
932 1471 1113 1515 noticia.
1143 1472 1354 1514 Pertence
1375 1475 1402 1515 ἐ.
1426 1473 1624 1527 preciosa

175 1545 358 1588 livraria
378 1545 432 1587 de
450 1558 527 1586 um
545 1544 627 1586 dos
645 1543 758 1586 mais
775 1543 1005 1585 distinctos
1027 1543 1310 1598 bibliophilos
1331 1544 1620 1596 lisbonenses,

176 1622 587 1674 prematuramente
609 1615 813 1658 fallecido
837 1629 905 1657 em
936 1616 1064 1671 1896.

237 1691 392 1733 Numa
413 1689 494 1732 das
516 1689 635 1731 salas
657 1688 713 1730 da
741 1687 936 1730 formosa
964 1688 1160 1730 estancia
1190 1703 1275 1743 que
1306 1703 1333 1730 a
1370 1703 1567 1745 encerra,
1600 1704 1627 1732 a

178 1761 428 1817 inscrip950
450 1761 627 1803 Deliciae
642 1761 874 1816 juventutis
905 1775 1002 1802 meae
1030 1761 1192 1811 revela,
1228 1774 1325 1802 com
1355 1775 1441 1815 que
1469 1761 1627 1815 paixao

178 1839 555 1890 pungentemente
574 1834 766 1876 saudosa
782 1847 809 1875 o
826 1833 1007 1887 espirito
1024 1847 1239 1887 generoso
1256 1847 1280 1874 e
1298 1834 1417 1875 culto
1434 1833 1488 1875 de
1507 1835 1625 1876 FER·

178 1919 342 1951 NANDO
365 1908 529 1950 PALHA
551 1921 599 1948 se
621 1906 866 1956 lembmva,
892 1905 1042 1960 depois
1063 1906 1116 1948 de
1140 1899 1315 1947 co'lhido
1342 1906 1442 1959 pela
1463 1919 1625 1960 engre-

178 1992 346 2034 nagem
370 1978 567 2034 politica,
593 1979 672 2020 dos
694 1983 869 2032 tempos
892 1977 1043 2019 felizes
1073 1991 1143 2019 em
1167 1991 1268 2031 que,
1301 1992 1395 2019 cum
1422 1978 1562 2020 libello
1585 1979 1628 2020 in

179 2051 366 2109 angello,
402 2051 446 2092 ia
477 2050 756 2093 arrancando
789 2064 817 2092 a
847 2055 1046 2092 vetustos
1078 2048 1392 2103 pergaminhos
1423 2064 1447 2091 e
1479 2050 1628 2105 papeis

142 2173 148 2178 q
180 2123 518 2168 amarellecidos
533 2138 584 2165 os
600 2123 808 2177 segredos
829 2112 892 2165 dd
907 2123 1114 2177 passado,
1140 2137 1246 2176 para
1269 2136 1339 2163 em
1358 2122 1542 2176 seguida
1554 2136 1628 2164 ex-

179 2199 276 2252 p6r,
298 2210 371 2239 em
388 2196 551 2251 phrase
568 2195 785 2245 burilada,
807 2195 1019 2237 verdades
1042 2194 1273 2236 historicas
1290 2193 1508 2248 apuradas
1528 2208 1627 2236 com

178 2269 357 2313 criterio
379 2268 544 2311 lucido.

241 2346 280 2385 A
303 2341 483 2384 medida
503 2341 559 2383 do
583 2354 667 2395 que
691 2339 801 2382 teria
824 2339 920 2381 sido
943 2353 1082 2393 capaz
1104 2339 1157 2380 de
1179 2338 1511 2392 emprehender,
1535 2338 1628 2380 his-

126 2436 129 2437 ⁷
179 2413 379 2471 toriadolss
399 2414 453 2456 de
476 2414 627 2468 ampla
659 2411 963 2466 envergadura
987 2426 1009 2452 e
1032 2411 1187 2452 artista
1215 2410 1461 2461 esmerado,
1493 2411 1631 2453 deu-a

182 2497 239 2530 ao
261 2485 454 2541 tracejar
476 2501 504 2528 a
526 2486 710 2540 analyse
731 2482 1083 2539 psychopathica
1104 2483 1157 2525 de
1192 2484 1249 2525 D.
1271 2482 1417 2539 Jaime
1439 2482 1494 2524 de
1517 2484 1629 2525 Bra-

182 2571 330 2614 gan9a
362 2556 433 2609 (¹);
463 2557 723 2600 ventilando
755 2571 781 2598 a
819 2560 1005 2610 questio
1036 2554 1115 2597 dos
1148 2555 1366 2597 corsarios
1394 2554 1630 2606 fraanes,

181 2645 268 2686 que
291 2631 532 2687 perturbou
555 2643 582 2672 ο
605 2629 787 2672 reinado
811 2629 864 2670 de
888 2629 947 2669 D.
975 2627 1088 2684 joiio
1111 2628 1192 2669 III
1217 2627 1286 2678 (2),
1312 2641 1336 2668 e
1358 2626 1546 2670 fazendo
1562 2642 1634 2670 re-

232 2811 285 2858 (1)
341 2809 378 2847 Ο
394 2814 628 2846 casamento
644 2808 695 2844 do
707 2807 883 2855 Infante
898 2805 950 2841 D.
968 2806 1128 2842 Duarte
1140 2815 1228 2840 com
1240 2804 1282 2841 D
1310 2804 1452 2842 [sabel
1464 2806 1513 2842 de
1526 2805 1635 2841 Bra-

191 2882 347 2921 ganfa,
364 2870 523 2915 Lisboa,
547 2867 648 2904 1881.
1551 2879 1554 2883 ’

233 2931 286 2978 (2)
338 2932 372 2967 A
385 2936 506 2967 carta
523 2929 571 2965 de
589 2939 733 2963 marca
749 2927 799 2963 de
816 2926 851 2962 J
853 2929 925 2962 οᾶο
943 2927 1080 2973 Ango,
1106 2924 1265 2972 Lisboa,
1293 2925 1380 2964 1882

1400 2997 1447 3031 42
