1786 3198
408 230 588 258 Amonffl
615 230 812 261 VALDESH
842 233 1041 261 nri-rems
1069 234 1125 262 xx„
1154 233 1342 263 maome
1473 235 1554 276 399

214 308 268 354 S.
332 308 583 352 Habiturus
620 324 667 352 es
703 311 900 366 hospites
937 326 1034 355 cras
1065 312 1111 356 in
1142 313 1328 368 prandio
1363 313 1604 358 Nicolaum

154 382 466 432 Perrenotum,
492 381 878 425 Bartholomaeum
902 383 1225 437 Gattinarium,
1250 384 1488 429 officialem
1518 386 1608 430 Ge·

154 453 428 498 hennensem
452 458 497 495 et
518 467 623 496 cum
646 453 716 496 his
740 455 1001 498 Valdesium
1026 462 1169 508 tuum,
1193 471 1249 500 ne
1270 457 1392 500 dicas
1413 457 1492 502 tibi
1515 472 1609 502 non

155 527 439 584 praedictum.
464 526 592 570 Vale.

218 598 312 642 Sed
331 598 446 641 heus
467 604 514 640 tu
536 599 635 641 vide
658 599 781 642 dicas
797 599 1001 642 convivis
1023 600 1271 656 insperatos
1288 616 1365 645 eos
1383 603 1609 656 advenire,

157 672 224 715 sic
245 671 366 714 enim
389 670 686 714 constitutum
710 678 779 714 est
801 672 917 715 inter
939 686 1015 715 eos
1038 671 1106 724 (1),
1134 674 1254 716 volui
1277 683 1431 718 tamen
1454 681 1498 718 te
1529 676 1613 718 ad-

160 757 342 788 monere
363 757 422 786 ne
443 743 592 798 aliquo
614 742 763 786 forsan
788 743 876 787 ires
906 758 1076 800 nosque
1107 745 1152 787 in
1175 759 1222 788 re
1245 747 1355 789 tanti
1389 748 1608 791 momenti

159 815 404 872 deciperes.
430 817 600 858 Iterum
625 817 736 860 vale.

222 887 433 944 Sigillum
455 901 615 929 cereum
637 888 828 930 rubrum.

223 1105 274 1148 S.
299 1117 342 1159 p.
409 1103 640 1158 Collegam
658 1108 789 1146 tuum
808 1103 920 1146 meis
936 1104 1095 1146 litteris
1113 1119 1305 1149 vacuum
1323 1107 1379 1150 ad
1399 1112 1443 1150 te
1462 1107 1616 1150 venire

162 1177 302 1222 nolui.
324 1177 421 1220 Nos
444 1176 516 1218 hic
537 1175 602 1218 tui
625 1175 872 1218 rectissime
893 1177 1094 1219 valemus
1115 1191 1272 1220 omnes
1294 1186 1454 1234 praeter
1475 1193 1615 1222 unum

109 1249 116 1254 ’
164 1251 387 1310 Joannem
426 1249 889 1304 Oberemburgensem
930 1246 981 1296 (2)
1022 1250 1097 1305 qui
1135 1265 1292 1305 parum
1331 1251 1474 1295 abfuit
1511 1253 1618 1308 quin

167 1321 376 1378 Stygiam
401 1321 610 1376 paludem
634 1321 872 1376 navigarit,
898 1322 1090 1364 servavit
1111 1329 1264 1366 tamen
1286 1324 1417 1366 nobis
1448 1324 1616 1367 bonum

161 1394 376 1451 juvenem
408 1393 560 1436 divina
592 1393 785 1438 bonitas.
810 1394 984 1437 Periere
1014 1395 1218 1437 nonnulli
1250 1396 1405 1439 eodem
1441 1397 1614 1447 morbo,

171 1467 401 1512 Cortesius
423 1465 568 1509 adhuc
590 1466 864 1521 periclitatur
885 1472 929 1509 et
951 1466 1071 1510 haud
1093 1468 1185 1510 scio
1208 1474 1359 1511 utrum
1385 1468 1449 1511 illi
1474 1468 1620 1524 magis

169 1539 377 1596 expediat
401 1538 571 1582 morine
594 1552 650 1581 an
684 1538 848 1587 vivere,
875 1543 924 1581 ut
956 1553 1075 1582 nunc
1107 1540 1283 1594 quidem
1305 1554 1374 1583 res
1407 1540 1618 1583 humanae

170 1618 398 1668 reguntur.
421 1612 574 1655 Caesar
593 1610 639 1653 in
656 1625 738 1653 sua
759 1611 983 1654 sententia
1003 1618 1189 1669 perstat,
1211 1612 1315 1667 quid
1337 1612 1538 1656 futurum
1562 1613 1621 1655 sit

173 1683 301 1727 Deus
323 1683 416 1739 ipse
438 1682 583 1726 novit.
609 1682 813 1725 Pontifex
846 1683 1080 1726 Romanus
1103 1684 1330 1739 pugnabat
1353 1699 1455 1728 cum
1478 1689 1621 1727 morte

171 1761 307 1811 atque
330 1768 447 1810 aegre
469 1754 721 1798 sustinebat
747 1755 1021 1807 conflictum;
1049 1761 1145 1798 uter
1176 1770 1330 1799 eorum
1355 1757 1523 1807 vicerit,
1549 1757 1623 1799 in-

172 1834 366 1871 certum.
389 1827 624 1882 Agebatur
636 1827 731 1882 jam
757 1828 917 1870 Romae
935 1828 989 1870 de
1012 1842 1126 1870 novo
1149 1829 1367 1871 Pontifice
1386 1829 1622 1884 designan-

174 1899 245 1943 do.
263 1899 534 1954 Allegabant
550 1899 669 1942 Galli
692 1891 949 1956 suspectam
967 1901 1161 1944 Romam
1181 1901 1236 1943 ob
1259 1900 1407 1943 vicina
1430 1901 1622 1944 Caesaris

173 1986 319 2016 arma.
347 1973 559 2027 Dumque
581 1973 645 2015 illi
662 1966 1009 2030 tumultuantur,
1031 1988 1128 2025 nos,
1149 1974 1309 2028 quibus
1327 1973 1371 2016 in
1390 1973 1475 2016 hoc
1495 1987 1625 2016 mun-

174 2045 220 2088 di
253 2045 431 2088 theatro
454 2045 714 2100 spectatoris
736 2059 900 2088 munus
923 2061 950 2089 a
971 2045 1141 2101 superis
1166 2046 1321 2088 datum
1350 2051 1433 2096 est,
1459 2045 1622 2089 fabulae

175 2117 347 2161 exitum
370 2118 723 2173 expectabimus,
748 2119 877 2162 Vale.

239 2189 391 2233 Toleti
409 2191 495 2234 cal.
521 2189 754 2233 Februarii
779 2189 909 2246 1529.
933 2189 1062 2233 Tuus
1084 2188 1336 2234 valdesius.

238 2262 447 2319 Sigillum
469 2277 641 2307 cereum.

239 2335 266 2377 I
267 2349 295 2395 r}
331 2334 471 2376 dorso,-
510 2334 771 2377 Clarissimo
807 2334 901 2377 viro
938 2333 999 2376 D.
1035 2332 1198 2390 Joanni
1232 2332 1450 2375 Dantisco
1484 2332 1628 2376 Ser.mi

178 2407 317 2462 Regis
339 2406 539 2448 Poloniae
561 2405 743 2450 oratori.

237 2479 379 2528 Manu
409 2478 624 2521 Dantisci:
659 2479 766 2520 Dat.
802 2475 950 2519 Toleti
987 2488 1009 2518 1
1047 2475 1193 2526 Febr.,
1227 2474 1320 2517 red.
1357 2475 1489 2519 Vald.
1524 2472 1577 2522 (3)
1601 2477 1628 2519 8

177 2549 398 2606 ejusdem.

230 2741 283 2790 (1)
335 2752 403 2778 eos
419 2741 528 2778 deest
547 2740 587 2776 in
606 2738 868 2788 apographo,

231 2800 283 2850 (2)
333 2800 484 2838 Scriba
526 2798 788 2836 cancellariae
823 2798 1065 2847 imperialis.
1111 2797 1340 2844 Caballero,
1381 2797 1638 2848 Conquenses

182 2860 360 2906 ihesu-es,
380 2861 449 2905 lV,
463 2872 509 2910 p.
534 2872 614 2908 309.

234 2919 286 2970 (3)
340 2921 368 2958 i.
388 2933 423 2958 e.
447 2919 706 2958 Valladolid.
