1786 3198
659 249 746 277 mn
773 249 881 277 onan
911 249 1092 278 mem-m
1470 231 1551 290 67'1

142 323 751 391 proprjgoliyeiraMartins
774 343 907 383 quem
928 343 1010 371 nos
1030 328 1197 372 faculta
1218 343 1269 372 os
1290 329 1430 372 dados
1455 330 1576 385 preci
1588 357 1602 363 -

143 412 369 455 sos-que
390 414 418 441 o
440 399 637 455 viajante
661 415 709 442 se
733 402 906 443 achava
922 415 993 442 em
1018 401 1269 456 Inglaterra
1279 416 1338 443 no
1355 402 1402 444 S.
1426 403 1597 458 Miguel

145 472 201 517 de
223 473 359 530 1425,
384 473 750 529 provavelmente
781 474 935 528 depois
965 474 1019 516 de
1050 475 1183 528 longa
1205 475 1387 519 demora
1408 489 1481 517 em
1504 476 1601 519 Ox-

141 537 244 589 ford
264 561 289 588 e
310 561 382 589 em
409 546 552 598 Paris;
578 561 601 588 e
627 560 787 601 passou
822 561 902 600 por
934 547 1150 588 Flandres
1178 546 1230 588 de
1251 560 1307 591 22
1326 547 1380 589 de
1404 549 1520 593 Dez.
1544 549 1602 590 do

145 628 321 662 mesmo
338 633 458 661 anno
482 623 555 661 ate
578 619 664 662 fins
686 619 739 661 de
760 619 941 677 Janeiro
962 620 1016 660 de
1036 619 1165 674 1426,
1183 619 1377 661 toeando
1398 634 1470 662 em
1493 621 1598 662 Ost-

138 689 272 742 ende,
298 691 563 746 Udenbmg,
589 691 736 733 Gante
759 706 782 732 e
807 693 998 745 Bruges,
1024 691 1111 732 Em
1138 691 1254 746 1426
1277 706 1300 732 e
1320 705 1435 747 1427
1459 693 1598 734 assis·

141 759 210 807 tiu
230 777 290 805 na
310 760 430 805 cen-te
453 763 506 804 de
527 762 836 817 Sigismundo,
861 762 1132 803 batalhando
1150 769 1304 804 contra
1327 777 1377 803 os
1400 762 1592 806 Tuscos.

141 834 216 879 Na
238 835 489 891 primavera
510 835 566 877 do
590 849 709 877 anno
732 835 992 876 immediato
1022 834 1081 875 foi
1115 834 1383 888 obsequiado
1406 848 1479 876 em
1502 837 1598 878 Ve-

141 922 270 964 neza,
296 908 348 951 de
370 909 483 951 onde
507 922 586 963 por
610 907 845 962 Chioggia,
885 908 1070 949 Fen-ara
1098 922 1122 948 e
1156 909 1306 950 Padua
1329 907 1383 954 (Ι)
1413 910 1591 964 chegou

141 993 171 1023 a
191 980 357 1024 Roma.
385 981 472 1024 Abi
494 994 542 1022 se
564 980 737 1022 achava
759 980 892 1021 ainda
915 994 942 1021 a
967 980 1023 1022 16
1044 980 1098 1021 de
1122 980 1238 1022 Maio
1262 979 1332 1026 (²).
1363 983 1434 1023 Da
1458 982 1596 1025 Italia

141 1053 298 1108 seguiu
322 1068 429 1108 para
454 1053 719 1103 Barcelona,
745 1052 857 1093 onde
886 1065 912 1093 o
945 1052 1161 1093 achamos
1191 1067 1263 1094 em
1292 1053 1447 1109 Julh0.
1474 1054 1597 1096 Teve
1622 1067 1625 1069 ’

140 1124 273 1167 breve
309 1125 495 1167 demota
533 1139 605 1167 em
649 1126 827 1167 Aranda
864 1125 932 1166 del
975 1125 1142 1173 Duero,
1184 1140 1242 1167 na
1279 1126 1400 1167 c6rte
1438 1127 1494 1168 de
1533 1129 1615 1170 D..

143 1197 267 1256 Juan
287 1197 356 1249 ΙΙ,
383 1212 461 1240 seu
493 1197 654 1253 primo,
678 1211 750 1239 em
784 1198 1004 1252 colloquio
1037 1211 1136 1238 com
1171 1199 1335 1240 Alvaro
1358 1199 1411 1240 de
1443 1199 1595 1250 Luna,

141 1283 168 1313 e
196 1284 269 1313 em
306 1270 518 1322 Pefiafiel,
551 1284 693 1312 numa
719 1269 959 1310 entrevista
988 1283 1088 1311 com
1120 1284 1146 1310 o
1175 1271 1228 1311 de
1252 1262 1470 1316 Navarra.
1507 1272 1594 1313 Em

141 1341 376 1386 Setembro
399 1342 452 1384 de
469 1328 593 1398 '1428
614 1341 661 1396 ja
683 1348 836 1383 estava
859 1342 912 1382 de
935 1355 1133 1395 regresso
1164 1356 1222 1383 na
1252 1357 1333 1384 sua
1357 1343 1590 1394 Coimbra,

140 1428 223 1471 por
244 1416 421 1458 ocasiao
444 1415 526 1456 dos
547 1413 727 1468 festejos
760 1414 815 1455 do
850 1420 1110 1454 casamento
1127 1413 1181 1455 de
1208 1416 1265 1455 D.
1293 1415 1467 1456 Duarte
1489 1412 1592 1456 corn

142 1487 204 1530 D.
230 1488 410 1530 Leonor
431 1487 485 1529 de
510 1488 699 1541 Awgin,
726 1485 1019 1527 contrahindo
1037 1499 1108 1527 em
1133 1486 1374 1540 principios
1395 1486 1449 1528 de
1471 1500 1589 1542 1429

139 1573 169 1602 ο
189 1573 267 1602 seu
292 1560 469 1614 proprio
490 1558 723 1602 consorcio
755 1572 853 1600 com
887 1573 914 1599 a
942 1557 1051 1600 filha
1083 1558 1137 1598 do
1167 1558 1329 1599 ultimo
1359 1559 1503 1600 conde
1539 1561 1594 1600 de

143 1631 299 1688 Urgel.
734 1688 737 1691 ι

202 1705 299 1746 Nos
329 1703 622 1746 documentos
649 1716 736 1757 que
766 1703 978 1757 registam
1003 1701 1142 1742 factos
1165 1702 1221 1742 da
1242 1702 1586 1757 torna-viagem

140 1774 363 1818 indica-se
387 1776 502 1818 mais
522 1775 575 1817 de
598 1788 706 1816 uma
729 1789 808 1815 vez
831 1788 913 1828 que
934 1787 960 1815 o
986 1773 1162 1815 Infante
1185 1773 1323 1815 vinha
1345 1774 1398 1815 de
1427 1775 1587 1816 visitat·

135 1861 167 1889 0
191 1848 470 1903 Emperador
492 1847 783 1902 sigismundo
806 1846 873 1892 (3).
899 1848 995 1889 Mas
1019 1861 1108 1887 nem
1133 1860 1230 1887 uma
1258 1846 1303 1887 s6
1320 1847 1502 1901 pamma
1535 1847 1585 1887 de

137 1907 502 1976 Cbnstantinopla,
542 1919 596 1961 da
637 1919 767 1961 Terra
797 1919 955 1975 Semta,
991 1919 1039 1959 de
1083 1919 1235 1968 Mem,
1284 1918 1340 1959 da
1379 1918 1582 1968 Αόαςςία,

138 2102 238 2139 Out.
256 2101 305 2138 de
327 2098 522 2147 1424.—O
542 2098 728 2146 primeiro
745 2110 767 2134 a
782 2097 983 2134 refefir-se
1001 2098 1022 2132 ἁ
1038 2106 1145 2144 parte
1158 2096 1319 2132 tomada
1335 2096 1425 2143 pelo
1441 2097 1561 2134 lusan
1572 2119 1585 2125 ·

91 2162 94 2163 ⁷
140 2169 180 2199 te
198 2172 251 2198 na
268 2170 408 2208 guerra
427 2168 564 2195 contra
583 2169 633 2194 os·
649 2157 845 2203 Hussitas‚
864 2158 899 2198 εξ,
919 2157 1027 2192 salvo
1051 2168 1150 2200 erro,
1174 2158 1220 2193 A.
1241 2157 1416 2193 Bonfinii
1436 2158 1579 2204 (1606),

140 2233 219 2271 que
236 2221 449 2258 menciona
474 2230 592 2255 como
617 2217 905 2264 companheiro
930 2217 1044 2253 d'elle
1072 2229 1091 2253 a
1121 2218 1252 2263 Erico,
1283 2217 1353 2253 Rei
1383 2217 1431 2253 da
1455 2217 1581 2254 Dina-

141 2292 286 2319 marca.

190 2342 243 2390 (ι)
292 2341 349 2377 De
370 2339 503 2376 padua
517 2350 542 2375 o
560 2338 716 2374 Infante
730 2346 869 2374 trouxe
885 2348 976 2372 urna
994 2337 1157 2385 reliquia
1175 2337 1224 2373 de
1242 2338 1370 2374 Santo
1384 2338 1584 2377 Antonio:

140 2410 275 2449 «parte
293 2400 345 2437 do
362 2411 476 2436 casco
494 2398 612 2435 ainda
631 2409 721 2434 com
736 2397 947 2433 cercilho.»
966 2396 1028 2433 Cf.
1049 2397 1295 2444 Figueiredo,
1309 2398 1587 2447 Portugueses

138 2471 212 2498 nos
222 2459 444 2505 concilias,
460 2471 497 2506 p.
514 2460 575 2505 613
589 2457 639 2494 H
642 2458 704 2494 ist.
721 2458 771 2493 de
782 2457 827 2494 S.
845 2457 1086 2504 Domingos,
1108 2457 1135 2502 1,
1150 2457 1236 2504 6273
1253 2458 1382 2494 Freire
1397 2458 1586 2496 d'Olivei·

137 2532 196 2568 ra,
214 2519 330 2558 Hist.
352 2520 469 2556 Adm.
491 2519 619 2563 Lish„
641 2518 689 2561 11,
714 2518 795 2554 550.

187 2579 240 2630 (2)
292 2581 350 2616 Da
367 2579 506 2616 eid-ade
523 2579 577 2615 de
593 2578 772 2624 Querino
791 2578 908 2614 levou
934 2588 1027 2613 uma
1054 2586 1159 2614 carta
1187 2579 1314 2615 muito
1341 2579 1518 2616 honrosa
1536 2581 1588 2617 de

140 2639 341 2679 Martinho
357 2640 372 2675 1
391 2650 413 2675 a
431 2650 501 2675 seu
518 2650 590 2686 pae
608 2651 629 2675 e
648 2651 672 2675 o
693 2638 894 2685 privilegio
913 2638 960 2673 de
980 2649 1025 2673 os
1045 2638 1135 2673 Reis
1166 2638 1215 2674 de
1239 2639 1427 2687 Por-tuga}
1446 2652 1489 2676 se
1508 2651 1582 2688 po-

137 2700 270 2739 derem
288 2699 404 2747 ungis
427 2699 741 2735 solemnemente
764 2699 786 2733 zi
807 2697 980 2733 maneira
1006 2697 1078 2733 dos
1104 2698 1152 2734 de
1180 2699 1329 2749 Franqa
1355 2711 1377 2735 e
1403 2699 1591 2747 lnglate-

134 2759 300 2798 rra-0
321 2759 443 2795 Breve
462 2759 540 2795 esta
559 2770 610 2794 na
628 2758 752 2795 Torre
772 2758 824 2794 do
841 2757 1000 2794 Tornbo
1020 2757 1125 2805 (Liv.
1146 2759 1281 2805 Brev„
1305 2759 1336 2804 Ι,
1357 2758 1387 2795 f.
1411 2762 1489 2807 55).

187 2820 240 2869 (3)
293 2821 334 2855 Ρ.
356 2831 416 2855 ex.
438 2830 560 2855 numa
578 2819 790 2865 escriptura
810 2819 976 2855 catalan.
990 2818 1080 2855 -V.
1104 2818 1272 2863 Monfan
1291 2818 1410 2856 Hist.
1431 2820 1592 2859 Condes

131 2882 187 2919 de
208 2879 342 2930 Urge!
361 2881 414 2928 (p,
434 2880 505 2926 617
519 2879 571 2915 do
591 2879 667 2916 vol.
689 2879 724 2914 X
744 2879 789 2915 da
813 2878 904 2917 Col.
926 2879 1053 2918 Arch.
1076 2879 1172 2916 Cor.
1196 2880 1347 2928 Arag.,
1365 2881 1492 2928 apud,
1514 2882 1589 2917 Ba·

138 2940 288 2989 1aguer,
311 2952 350 2988 p.
370 2940 406 2985 8,
424 2948 518 2975 nota
535 2938 588 2987 4).
