1786 3198
430 223 611 253 ALFONSI
638 226 837 256 VALDESH
867 227 1064 257 L1TTERAE
1092 229 1147 258 XL
1176 230 1368 259 mssmTAE
1485 233 1561 272 411

168 316 254 349 aas
284 303 424 359 panni
457 304 619 356 sericii,
643 305 800 348 famuli
840 308 1073 365 sexaginta
1109 315 1254 362 scuta;
1289 310 1386 354 haec
1416 311 1507 354 dixi
1529 325 1621 355 non

164 379 219 421 ut
238 381 441 419 nostram
473 376 555 419 tibi
593 377 907 422 liberalitatem
947 380 1160 435 aperiam,
1201 383 1278 426 sed
1314 389 1363 426 ut
1399 384 1515 426 scias
1546 398 1622 427 me

166 447 287 503 quod
307 447 541 503 imperasti
564 450 841 504 praestitisse.

226 521 383 565 Caesar
403 521 610 564 discessit
634 536 688 564 ex
712 523 962 578 Ratispona
985 524 1053 566 die
1072 525 1215 579 primo
1238 525 1371 582 hujus
1390 527 1558 570 mensis
1574 534 1621 570 et

164 590 262 637 heri
283 591 371 635 huc
392 593 531 639 venit.
557 607 610 636 eo
632 594 786 636 animo
806 601 855 637 ut
871 598 1093 651 extemplo
1112 597 1155 639 in
1173 611 1379 653 campum
1402 601 1614 655 prodiret,

164 677 326 708 omnes
347 665 465 708 enim
490 666 630 721 copiae
652 672 757 708 ante
780 667 931 711 decem
955 669 1048 711 dies
1063 676 1190 712 erunt
1208 679 1507 728 congregatae.
1530 674 1621 716 Hic

163 742 319 781 autem
342 751 498 780 rumor
518 738 576 781 ad
597 753 679 781 nos
718 741 912 794 perlatus
951 747 1018 783 est
1048 742 1238 794 Turcas,
1275 745 1442 787 omisso
1469 753 1622 789 castro

164 810 284 866 quod
326 825 581 867 expugnare
622 826 711 854 non
756 818 1018 866 potuerunt,
1067 815 1347 871 incensisque
1389 819 1619 861 nonnullis

166 881 286 925 villis
323 884 616 935 retrocedere3
657 883 701 926 id
738 890 890 926 tamen
929 891 1155 928 certumne
1188 887 1246 929 sit
1285 894 1359 930 aut
1395 890 1615 933 incertum

164 954 441 1010 ignoramus.
467 956 528 998 Et
550 969 651 998 cum
675 956 874 998 maxime
896 957 959 999 rei
982 958 1216 1001 veritatem
1236 960 1397 1002 habere
1413 962 1615 1016 expediat

165 1027 311 1070 voluit
346 1027 499 1071 Caesar
530 1042 583 1070 ea
616 1028 658 1070 in
694 1043 739 1069 re
774 1035 850 1070 tua
873 1043 1007 1084 opera
1037 1030 1116 1079 uti,
1150 1034 1522 1085 quemadmodum
1563 1049 1619 1077 ex

169 1099 312 1156 ipsius
332 1101 495 1143 litteris
518 1100 756 1155 intelliges,
783 1102 883 1155 Ego
906 1116 1010 1144 vero
1033 1116 1086 1144 ne
1116 1103 1203 1145 tuis
1237 1103 1280 1146 in
1314 1106 1615 1160 suspicionem

164 1173 340 1218 venires
360 1179 441 1216 aut
462 1173 568 1228 quid
592 1174 699 1216 mali
724 1174 801 1216 tibi
826 1174 1004 1216 evenire
1028 1182 1259 1230 propterea
1278 1185 1443 1231 posset,
1463 1179 1617 1221 curavi

165 1251 295 1290 utne
315 1246 576 1289 tabellarius
606 1247 786 1301 quidem
822 1247 916 1301 ipse
949 1247 1118 1290 litteras
1151 1263 1197 1291 se
1230 1249 1420 1292 Caesaris
1455 1250 1619 1293 habere

163 1317 450 1375 intelligeret,
477 1320 553 1362 sed
577 1333 702 1361 meas
724 1326 918 1364 tantum.
947 1321 1120 1376 Quodsi
1143 1322 1222 1363 tibi
1242 1322 1386 1364 visum
1406 1322 1536 1365 fuerit
1553 1337 1616 1366 se-

161 1391 402 1435 renissimo
432 1392 546 1447 Regi
576 1406 669 1434 rem
706 1392 891 1447 aperire,
924 1393 1133 1434 existimo
1156 1407 1282 1435 suam
1316 1394 1615 1438 Serenitatem

150 1469 380 1520 -tanquam
406 1464 716 1508 Christianum
744 1464 996 1520 Principem
1031 1466 1142 1508 adeo
1166 1479 1254 1507 non
1279 1479 1395 1519 aegre
1418 1466 1612 1509 laturum

164 1542 214 1581 ut
235 1551 318 1593 pro
339 1537 598 1592 reipublicae
620 1539 764 1580 salute
788 1552 841 1580 ea
862 1538 918 1579 ad
941 1552 1022 1580 nos
1043 1537 1225 1589 scribas,
1250 1544 1300 1580 ut
1329 1538 1477 1593 potius
1506 1539 1616 1581 mihi

168 1611 480 1666 persuadeam,
507 1610 550 1653 id
574 1610 657 1665 ipsi
680 1610 985 1665 gratissimum
1011 1609 1225 1653 futurum.
1256 1609 1304 1652 Si
1327 1617 1477 1653 autem
1502 1625 1611 1653 con-

169 1683 333 1727 sultius
356 1683 632 1726 existimabis
654 1697 707 1725 ea
729 1683 783 1725 ad
807 1697 890 1724 nos
913 1682 1042 1725 aliter
1059 1682 1344 1737 perscribere,
1365 1682 1515 1724 omnia
1538 1688 1619 1725 tuo

167 1755 354 1799 arbitrio
374 1762 587 1812 praestare
619 1755 799 1811 poteris,
835 1769 937 1797 cum
972 1769 1054 1797 nec
1086 1760 1339 1796 nostrorum
1379 1754 1615 1808 quisquam

171 1828 258 1871 hoc
280 1828 394 1871 sciat
414 1842 498 1870 nec
524 1827 784 1870 tabellarius
817 1827 911 1882 ipse
943 1826 1156 1881 quidnam
1187 1825 1342 1868 afferat
1376 1826 1614 1881 intelligat.

164 1900 299 1945 Modo
323 1899 386 1943 ita
409 1900 600 1943 Caesaris
621 1914 727 1955 erga
749 1905 792 1942 te
815 1898 1138 1942 benevolentiae
1162 1898 1430 1952 respondeas
1453 1904 1501 1940 ut
1523 1913 1615 1942 non

165 1972 329 2029 injuria
351 1972 405 2016 de
426 1979 469 2015 te
493 1987 656 2028 magna
678 1973 762 2015 sibi
786 1971 1043 2028 promisisse
1077 1976 1308 2026 agnoscat,
1334 1971 1451 2024 quod
1474 1976 1522 2012 ut
1544 1971 1614 2013 fa—

161 2046 255 2089 cias
277 2051 322 2088 te
345 2045 484 2088 etiam
508 2051 642 2101 atque
664 2045 801 2088 etiam
826 2058 949 2099 rogo,
983 2044 1152 2100 Quodsi
1190 2043 1246 2085 ad
1278 2042 1423 2097 ipsum
1459 2042 1617 2086 Caesa-

164 2131 262 2161 rem
286 2131 341 2159 ea
362 2117 554 2160 scribere
576 2116 784 2168 nolueris,
806 2116 861 2158 ad
883 2130 956 2158 me
979 2131 1030 2159 ea
1052 2116 1241 2170 dirigere
1265 2115 1431 2170 poteris
1455 2122 1503 2157 ut
1530 2115 1613 2158 mi-

162 2189 261 2233 nori
285 2189 538 2245 suspicione
575 2188 832 2244 perferatur,
870 2194 914 2231 et
947 2203 973 2231 a
1007 2188 1170 2231 nostris
1201 2188 1391 2241 legatur.
1428 2187 1477 2230 Si
1510 2202 1614 2231 cum

165 2261 439 2306 Christianis
461 2261 743 2316 Principibus
766 2260 896 2303 nobis
920 2260 1147 2303 contentio
1177 2265 1307 2310 esset,
1336 2260 1459 2301 nullo
1482 2266 1618 2314 pacto

162 2335 250 2378 hoc
271 2334 352 2376 abs
374 2340 418 2376 te
440 2339 652 2389 peterem,
680 2332 757 2374 sed
780 2346 882 2374 cum
906 2332 1003 2374 haec
1025 2346 1103 2386 pro
1127 2331 1378 2386 reipublicae
1404 2331 1548 2373 salute
1571 2337 1616 2374 et

162 2406 377 2450 adversus
398 2405 627 2460 religionis
648 2405 803 2447 hostes
824 2405 1122 2459 postulemus,
1144 2410 1212 2445 sat
1233 2402 1324 2445 scio
1342 2417 1395 2445 ea
1415 2408 1460 2445 te
1476 2417 1614 2458 quam

163 2478 463 2522 libentissime
484 2477 723 2521 facturum.

225 2552 296 2594 De
318 2551 463 2594 classe
485 2550 680 2594 Turcica
702 2548 897 2592 scribunt
920 2548 975 2590 ad
1000 2561 1083 2590 nos
1106 2560 1159 2589 ex
1187 2559 1326 2601 regno
1357 2546 1617 2601 Neapolita-

159 2638 238 2676 no,
263 2624 320 2666 ad
343 2623 533 2678 Epirum
557 2636 698 2677 usque
729 2619 1003 2676 pervenisse,
1040 2624 1084 2661 et
1117 2631 1219 2660 cum
1252 2617 1313 2659 ibi
1347 2617 1620 2674 intelligeret

158 2697 351 2740 classem
375 2701 578 2738 nostram
602 2695 647 2736 in
672 2692 827 2735 Sicilia
852 2705 948 2733 esse
973 2696 1108 2745 atque
1130 2689 1233 2732 inde
1265 2690 1418 2732 statim
1443 2692 1615 2733 solvere

157 2769 290 2819 velle,
315 2767 541 2822 externplo
563 2764 886 2811 retrocessisse.
913 2769 961 2804 ut
986 2768 1163 2817 sperent
1180 2762 1274 2817 jam
1295 2763 1613 2806 Constantino-

157 2840 297 2897 polim
321 2853 460 2895 usque
482 2837 749 2894 pervenisse.
783 2835 955 2892 Quodsi
989 2835 1106 2877 idem
1140 2833 1312 2876 faciunt
1344 2834 1519 2886 Turcae,
1541 2849 1613 2890 po-

157 2913 349 2958 terimus
370 2926 454 2956 nos
475 2911 560 2954 iter
580 2916 780 2953 nostrum
804 2909 847 2951 in
870 2907 1050 2951 Italiam
1075 2914 1119 2950 et
1141 2907 1243 2950 inde
1266 2907 1311 2949 in
1336 2907 1610 2962 Hispaniam
