<?xml version="1.0" encoding="UTF-8"?>
<!DOCTYPE html PUBLIC "-//W3C//DTD XHTML 1.0 Transitional//EN"
    "http://www.w3.org/TR/xhtml1/DTD/xhtml1-transitional.dtd">
<html xmlns="http://www.w3.org/1999/xhtml" xml:lang="en" lang="en">
 <head>
  <title>
</title>
<meta http-equiv="Content-Type" content="text/html;charset=utf-8" />
  <meta name='ocr-system' content='tesseract 3.04.00' />
  <meta name='ocr-capabilities' content='ocr_page ocr_carea ocr_par ocr_line ocrx_word'/>
</head>
<body>
  <div class='ocr_page' id='page_1' title='image "./homenajemennde01menuoft_0638.png"; bbox 0 0 1786 3198; ppageno 0'>
   <div class='ocr_carea' id='block_1_1' title="bbox 218 190 1239 244">
    <p class='ocr_par' dir='ltr' id='par_1_1' title="bbox 218 190 1239 244">
     <span class='ocr_line' id='line_1_1' title="bbox 218 190 1239 244; baseline -0.003 -13"><span class='ocrx_word' id='word_1_1' title='bbox 218 203 299 244; x_wconf 70' lang='lat' dir='ltr'>591r</span> <span class='ocrx_word' id='word_1_2' title='bbox 599 191 833 229; x_wconf 73' lang='lat' dir='ltr'>cmsrossAL</span> <span class='ocrx_word' id='word_1_3' title='bbox 862 190 993 228; x_wconf 65' lang='grc' dir='ltr'>Ρὲκεκ</span> <span class='ocrx_word' id='word_1_4' title='bbox 1023 199 1182 228; x_wconf 77' lang='lat' dir='ltr'>PASTOR</span> <span class='ocrx_word' id='word_1_5' title='bbox 1235 199 1239 204; x_wconf 88' lang='grc'><strong>’</strong></span> 
     </span>
    </p>
   </div>
   <div class='ocr_carea' id='block_1_2' title="bbox 151 277 1637 1647">
    <p class='ocr_par' dir='ltr' id='par_1_2' title="bbox 151 277 1635 1558">
     <span class='ocr_line' id='line_1_2' title="bbox 171 277 1627 338; baseline -0.002 -15"><span class='ocrx_word' id='word_1_6' title='bbox 171 297 202 338; x_wconf 91' lang='lat' dir='ltr'>y</span> <span class='ocrx_word' id='word_1_7' title='bbox 224 295 367 336; x_wconf 86' lang='lat' dir='ltr'>ganar</span> <span class='ocrx_word' id='word_1_8' title='bbox 389 279 697 334; x_wconf 86' lang='lat' dir='ltr'>qualesquiera</span> <span class='ocrx_word' id='word_1_9' title='bbox 718 279 914 331; x_wconf 67' lang='lat' dir='ltr'>cedulas,</span> <span class='ocrx_word' id='word_1_10' title='bbox 950 278 1249 334; x_wconf 88' lang='lat' dir='ltr'>previllegios,</span> <span class='ocrx_word' id='word_1_11' title='bbox 1285 277 1565 336; x_wconf 74' lang='lat' dir='ltr'>provisiones</span> <span class='ocrx_word' id='word_1_12' title='bbox 1593 292 1627 334; x_wconf 88' lang='lat' dir='ltr'>y</span> 
     </span>
     <span class='ocr_line' id='line_1_3' title="bbox 173 350 1628 406; baseline -0.002 -10"><span class='ocrx_word' id='word_1_13' title='bbox 173 354 242 396; x_wconf 88' lang='lat' dir='ltr'>los</span> <span class='ocrx_word' id='word_1_14' title='bbox 263 354 417 395; x_wconf 89' lang='lat' dir='ltr'>demas</span> <span class='ocrx_word' id='word_1_15' title='bbox 435 352 650 394; x_wconf 86' lang='lat' dir='ltr'>recaudos</span> <span class='ocrx_word' id='word_1_16' title='bbox 665 366 748 406; x_wconf 92' lang='lat' dir='ltr'>que</span> <span class='ocrx_word' id='word_1_17' title='bbox 765 353 894 394; x_wconf 85' lang='lat' dir='ltr'>sobre</span> <span class='ocrx_word' id='word_1_18' title='bbox 912 359 1006 394; x_wconf 89' lang='lat' dir='ltr'>esta</span> <span class='ocrx_word' id='word_1_19' title='bbox 1025 366 1160 395; x_wconf 86' lang='lat' dir='ltr'>razon</span> <span class='ocrx_word' id='word_1_20' title='bbox 1177 351 1331 394; x_wconf 87' lang='lat' dir='ltr'>fueren</span> <span class='ocrx_word' id='word_1_21' title='bbox 1350 350 1628 402; x_wconf 58' lang='lat' dir='ltr'>necesarios,</span> 
     </span>
     <span class='ocr_line' id='line_1_4' title="bbox 170 424 1624 482; baseline -0.001 -15"><span class='ocrx_word' id='word_1_22' title='bbox 170 441 200 482; x_wconf 87' lang='lat' dir='ltr'>y</span> <span class='ocrx_word' id='word_1_23' title='bbox 222 425 442 467; x_wconf 88' lang='lat' dir='ltr'>haciendo</span> <span class='ocrx_word' id='word_1_24' title='bbox 465 424 593 466; x_wconf 88' lang='lat' dir='ltr'>sobre</span> <span class='ocrx_word' id='word_1_25' title='bbox 616 424 701 466; x_wconf 92' lang='lat' dir='ltr'>ello</span> <span class='ocrx_word' id='word_1_26' title='bbox 731 425 1041 479; x_wconf 87' lang='lat' dir='ltr'>qualesquiera</span> <span class='ocrx_word' id='word_1_27' title='bbox 1071 424 1333 479; x_wconf 88' lang='lat' dir='ltr'>diligencias</span> <span class='ocrx_word' id='word_1_28' title='bbox 1353 439 1383 480; x_wconf 93' lang='lat' dir='ltr'>y</span> <span class='ocrx_word' id='word_1_29' title='bbox 1405 424 1484 467; x_wconf 90' lang='lat' dir='ltr'>dar</span> <span class='ocrx_word' id='word_1_30' title='bbox 1505 437 1624 478; x_wconf 90' lang='lat' dir='ltr'>qua-</span> 
     </span>
     <span class='ocr_line' id='line_1_5' title="bbox 167 496 1631 552; baseline -0.002 -11"><span class='ocrx_word' id='word_1_31' title='bbox 167 497 388 551; x_wconf 87' lang='lat' dir='ltr'>lesquiera</span> <span class='ocrx_word' id='word_1_32' title='bbox 410 496 655 551; x_wconf 89' lang='lat' dir='ltr'>peticiones</span> <span class='ocrx_word' id='word_1_33' title='bbox 679 501 701 538; x_wconf 81' lang='grc'><strong>0</strong></span> <span class='ocrx_word' id='word_1_34' title='bbox 725 497 1026 548; x_wconf 83' lang='lat' dir='ltr'>memoriales,</span> <span class='ocrx_word' id='word_1_35' title='bbox 1047 501 1070 538; x_wconf 78' lang='grc'><strong>0</strong></span> <span class='ocrx_word' id='word_1_36' title='bbox 1089 496 1211 552; x_wconf 90' lang='lat' dir='ltr'>pedir</span> <span class='ocrx_word' id='word_1_37' title='bbox 1243 500 1266 538; x_wconf 79' lang='lat' dir='ltr'>e</span> <span class='ocrx_word' id='word_1_38' title='bbox 1298 497 1491 551; x_wconf 90' lang='lat' dir='ltr'>suplicar</span> <span class='ocrx_word' id='word_1_39' title='bbox 1512 509 1559 538; x_wconf 90' lang='lat' dir='ltr'>se</span> <span class='ocrx_word' id='word_1_40' title='bbox 1582 496 1631 538; x_wconf 89' lang='lat' dir='ltr'>le-</span> 
     </span>
     <span class='ocr_line' id='line_1_6' title="bbox 168 568 1634 625; baseline -0.001 -13"><span class='ocrx_word' id='word_1_41' title='bbox 168 569 289 624; x_wconf 85' lang='lat' dir='ltr'>haga</span> <span class='ocrx_word' id='word_1_42' title='bbox 311 570 354 611; x_wconf 87' lang='lat' dir='ltr'>la</span> <span class='ocrx_word' id='word_1_43' title='bbox 378 568 509 611; x_wconf 90' lang='lat' dir='ltr'>dicha</span> <span class='ocrx_word' id='word_1_44' title='bbox 532 570 708 612; x_wconf 89' lang='lat' dir='ltr'>merced</span> <span class='ocrx_word' id='word_1_45' title='bbox 731 585 758 625; x_wconf 95' lang='lat' dir='ltr'>y</span> <span class='ocrx_word' id='word_1_46' title='bbox 782 570 901 624; x_wconf 85' lang='lat' dir='ltr'>haga</span> <span class='ocrx_word' id='word_1_47' title='bbox 929 571 967 611; x_wconf 89' lang='lat' dir='ltr'>el</span> <span class='ocrx_word' id='word_1_48' title='bbox 999 569 1131 612; x_wconf 91' lang='lat' dir='ltr'>dicho</span> <span class='ocrx_word' id='word_1_49' title='bbox 1161 569 1434 613; x_wconf 90' lang='lat' dir='ltr'>Licenciado</span> <span class='ocrx_word' id='word_1_50' title='bbox 1465 569 1634 612; x_wconf 76' lang='lat' dir='ltr'>Castro</span> 
     </span>
     <span class='ocr_line' id='line_1_7' title="bbox 172 641 1627 698; baseline -0.001 -13"><span class='ocrx_word' id='word_1_51' title='bbox 172 643 239 685; x_wconf 92' lang='lat' dir='ltr'>las</span> <span class='ocrx_word' id='word_1_52' title='bbox 261 641 553 695; x_wconf 89' lang='lat' dir='ltr'>impresiones</span> <span class='ocrx_word' id='word_1_53' title='bbox 576 655 630 683; x_wconf 91' lang='lat' dir='ltr'>en</span> <span class='ocrx_word' id='word_1_54' title='bbox 656 656 707 683; x_wconf 89' lang='lat' dir='ltr'>su</span> <span class='ocrx_word' id='word_1_55' title='bbox 732 648 967 697; x_wconf 86' lang='lat' dir='ltr'>emprenta</span> <span class='ocrx_word' id='word_1_56' title='bbox 989 643 1015 684; x_wconf 87' lang='grc' dir='ltr'>ὁ</span> <span class='ocrx_word' id='word_1_57' title='bbox 1039 656 1092 684; x_wconf 91' lang='lat' dir='ltr'>en</span> <span class='ocrx_word' id='word_1_58' title='bbox 1123 643 1166 684; x_wconf 91' lang='lat' dir='ltr'>la</span> <span class='ocrx_word' id='word_1_59' title='bbox 1199 648 1441 698; x_wconf 75' lang='lat' dir='ltr'>parteque</span> <span class='ocrx_word' id='word_1_60' title='bbox 1469 642 1510 684; x_wconf 93' lang='lat' dir='ltr'>le</span> <span class='ocrx_word' id='word_1_61' title='bbox 1538 654 1627 697; x_wconf 89' lang='lat' dir='ltr'>pa--</span> 
     </span>
     <span class='ocr_line' id='line_1_8' title="bbox 172 714 1622 770; baseline 0.001 -15"><span class='ocrx_word' id='word_1_62' title='bbox 172 714 361 756; x_wconf 86' lang='lat' dir='ltr'>resciere</span> <span class='ocrx_word' id='word_1_63' title='bbox 382 714 408 756; x_wconf 86' lang='grc' dir='ltr'>ὁ</span> <span class='ocrx_word' id='word_1_64' title='bbox 432 714 636 768; x_wconf 87' lang='lat' dir='ltr'>quisiere‚</span> <span class='ocrx_word' id='word_1_65' title='bbox 663 729 743 770; x_wconf 92' lang='lat' dir='ltr'>por</span> <span class='ocrx_word' id='word_1_66' title='bbox 765 716 808 757; x_wconf 95' lang='lat' dir='ltr'>lo</span> <span class='ocrx_word' id='word_1_67' title='bbox 840 729 924 769; x_wconf 90' lang='lat' dir='ltr'>que</span> <span class='ocrx_word' id='word_1_68' title='bbox 947 721 1071 758; x_wconf 87' lang='lat' dir='ltr'>entre</span> <span class='ocrx_word' id='word_1_69' title='bbox 1092 715 1252 758; x_wconf 88' lang='lat' dir='ltr'>ambos</span> <span class='ocrx_word' id='word_1_70' title='bbox 1284 730 1367 758; x_wconf 93' lang='lat' dir='ltr'>nos</span> <span class='ocrx_word' id='word_1_71' title='bbox 1388 714 1622 757; x_wconf 89' lang='lat' dir='ltr'>convinie-</span> 
     </span>
     <span class='ocr_line' id='line_1_9' title="bbox 172 786 1629 838; baseline 0.002 -11"><span class='ocrx_word' id='word_1_72' title='bbox 172 799 322 828; x_wconf 90' lang='lat' dir='ltr'>remos</span> <span class='ocrx_word' id='word_1_73' title='bbox 345 790 369 828; x_wconf 81' lang='lat' dir='ltr'>e</span> <span class='ocrx_word' id='word_1_74' title='bbox 392 791 764 838; x_wconf 87' lang='lat' dir='ltr'>concertaremos,</span> <span class='ocrx_word' id='word_1_75' title='bbox 791 787 1014 830; x_wconf 88' lang='lat' dir='ltr'>habiendo</span> <span class='ocrx_word' id='word_1_76' title='bbox 1037 788 1200 830; x_wconf 89' lang='lat' dir='ltr'>sacado</span> <span class='ocrx_word' id='word_1_77' title='bbox 1221 788 1264 830; x_wconf 87' lang='lat' dir='ltr'>la</span> <span class='ocrx_word' id='word_1_78' title='bbox 1281 787 1415 830; x_wconf 89' lang='lat' dir='ltr'>dicha</span> <span class='ocrx_word' id='word_1_79' title='bbox 1437 786 1629 830; x_wconf 74' lang='lat' dir='ltr'>licencia</span> 
     </span>
     <span class='ocr_line' id='line_1_10' title="bbox 167 859 1634 916; baseline 0 -15"><span class='ocrx_word' id='word_1_80' title='bbox 167 863 191 901; x_wconf 77' lang='grc'><strong>0</strong></span> <span class='ocrx_word' id='word_1_81' title='bbox 213 859 487 915; x_wconf 85' lang='lat' dir='ltr'>previllegio,</span> <span class='ocrx_word' id='word_1_82' title='bbox 515 874 600 914; x_wconf 92' lang='lat' dir='ltr'>que</span> <span class='ocrx_word' id='word_1_83' title='bbox 625 874 730 915; x_wconf 86' lang='lat' dir='ltr'>para</span> <span class='ocrx_word' id='word_1_84' title='bbox 763 861 868 902; x_wconf 91' lang='lat' dir='ltr'>todo</span> <span class='ocrx_word' id='word_1_85' title='bbox 901 861 988 903; x_wconf 93' lang='lat' dir='ltr'>ello</span> <span class='ocrx_word' id='word_1_86' title='bbox 1017 862 1057 903; x_wconf 89' lang='lat' dir='ltr'>le</span> <span class='ocrx_word' id='word_1_87' title='bbox 1086 861 1173 916; x_wconf 91' lang='lat' dir='ltr'>doy</span> <span class='ocrx_word' id='word_1_88' title='bbox 1205 866 1297 902; x_wconf 89' lang='lat' dir='ltr'>este</span> <span class='ocrx_word' id='word_1_89' title='bbox 1325 859 1456 902; x_wconf 89' lang='lat' dir='ltr'>dicho</span> <span class='ocrx_word' id='word_1_90' title='bbox 1487 859 1634 915; x_wconf 87' lang='lat' dir='ltr'>poder·</span> 
     </span>
     <span class='ocr_line' id='line_1_11' title="bbox 169 930 1625 989; baseline 0 -15"><span class='ocrx_word' id='word_1_91' title='bbox 169 945 251 974; x_wconf 90' lang='lat' dir='ltr'>eon</span> <span class='ocrx_word' id='word_1_92' title='bbox 276 931 386 973; x_wconf 88' lang='lat' dir='ltr'>libre</span> <span class='ocrx_word' id='word_1_93' title='bbox 407 945 436 986; x_wconf 91' lang='lat' dir='ltr'>y</span> <span class='ocrx_word' id='word_1_94' title='bbox 453 933 634 986; x_wconf 88' lang='lat' dir='ltr'>general</span> <span class='ocrx_word' id='word_1_95' title='bbox 658 933 1025 976; x_wconf 84' lang='lat' dir='ltr'>administracion</span> <span class='ocrx_word' id='word_1_96' title='bbox 1045 948 1073 989; x_wconf 94' lang='lat' dir='ltr'>y</span> <span class='ocrx_word' id='word_1_97' title='bbox 1089 939 1245 976; x_wconf 90' lang='lat' dir='ltr'>entera</span> <span class='ocrx_word' id='word_1_98' title='bbox 1262 933 1458 975; x_wconf 87' lang='lat' dir='ltr'>facultad</span> <span class='ocrx_word' id='word_1_99' title='bbox 1477 930 1625 987; x_wconf 85' lang='lat' dir='ltr'>deju-</span> 
     </span>
     <span class='ocr_line' id='line_1_12' title="bbox 167 1004 1621 1064; baseline 0.002 -19"><span class='ocrx_word' id='word_1_100' title='bbox 167 1019 239 1046; x_wconf 83' lang='lat' dir='ltr'>rar</span> <span class='ocrx_word' id='word_1_101' title='bbox 269 1008 292 1045; x_wconf 82' lang='lat' dir='ltr'>e</span> <span class='ocrx_word' id='word_1_102' title='bbox 326 1004 544 1057; x_wconf 88' lang='lat' dir='ltr'>sustituir,</span> <span class='ocrx_word' id='word_1_103' title='bbox 576 1019 605 1060; x_wconf 93' lang='lat' dir='ltr'><strong>y</strong></span> <span class='ocrx_word' id='word_1_104' title='bbox 636 1006 677 1047; x_wconf 96' lang='grc'>10</span> <span class='ocrx_word' id='word_1_105' title='bbox 711 1011 898 1062; x_wconf 79' lang='lat' dir='ltr'>otorgue</span> <span class='ocrx_word' id='word_1_106' title='bbox 929 1013 1036 1049; x_wconf 85' lang='lat' dir='ltr'>ante</span> <span class='ocrx_word' id='word_1_107' title='bbox 1068 1007 1107 1049; x_wconf 91' lang='lat' dir='ltr'>el</span> <span class='ocrx_word' id='word_1_108' title='bbox 1133 1011 1339 1064; x_wconf 87' lang='lat' dir='ltr'>presente</span> <span class='ocrx_word' id='word_1_109' title='bbox 1371 1005 1621 1048; x_wconf 85' lang='lat' dir='ltr'>escribano.</span> 
     </span>
     <span class='ocr_line' id='line_1_13' title="bbox 171 1077 1635 1135; baseline 0 -15"><span class='ocrx_word' id='word_1_110' title='bbox 171 1077 322 1120; x_wconf 89' lang='lat' dir='ltr'>Fecho</span> <span class='ocrx_word' id='word_1_111' title='bbox 345 1091 397 1118; x_wconf 87' lang='lat' dir='ltr'>en</span> <span class='ocrx_word' id='word_1_112' title='bbox 423 1078 465 1118; x_wconf 85' lang='lat' dir='ltr'>la</span> <span class='ocrx_word' id='word_1_113' title='bbox 488 1078 595 1119; x_wconf 88' lang='lat' dir='ltr'>villa</span> <span class='ocrx_word' id='word_1_114' title='bbox 619 1079 671 1119; x_wconf 92' lang='lat' dir='ltr'>de</span> <span class='ocrx_word' id='word_1_115' title='bbox 695 1078 869 1121; x_wconf 82' lang='lat' dir='ltr'>Madrid</span> <span class='ocrx_word' id='word_1_116' title='bbox 893 1081 919 1122; x_wconf 77' lang='grc'><strong>3</strong></span> <span class='ocrx_word' id='word_1_117' title='bbox 941 1086 1101 1135; x_wconf 92' lang='lat' dir='ltr'>veynte</span> <span class='ocrx_word' id='word_1_118' title='bbox 1122 1094 1151 1134; x_wconf 95' lang='lat' dir='ltr'>y</span> <span class='ocrx_word' id='word_1_119' title='bbox 1174 1079 1286 1121; x_wconf 90' lang='lat' dir='ltr'>siete</span> <span class='ocrx_word' id='word_1_120' title='bbox 1310 1078 1406 1121; x_wconf 87' lang='lat' dir='ltr'>dias</span> <span class='ocrx_word' id='word_1_121' title='bbox 1436 1077 1504 1120; x_wconf 90' lang='lat' dir='ltr'>del</span> <span class='ocrx_word' id='word_1_122' title='bbox 1528 1090 1635 1120; x_wconf 76' lang='lat' dir='ltr'>mes</span> 
     </span>
     <span class='ocr_line' id='line_1_14' title="bbox 171 1149 1621 1208; baseline 0.001 -17"><span class='ocrx_word' id='word_1_123' title='bbox 171 1149 224 1191; x_wconf 91' lang='lat' dir='ltr'>de</span> <span class='ocrx_word' id='word_1_124' title='bbox 258 1149 426 1192; x_wconf 85' lang='lat' dir='ltr'>Otubre</span> <span class='ocrx_word' id='word_1_125' title='bbox 459 1150 512 1191; x_wconf 93' lang='lat' dir='ltr'>de</span> <span class='ocrx_word' id='word_1_126' title='bbox 545 1150 624 1192; x_wconf 89' lang='lat' dir='ltr'>mil</span> <span class='ocrx_word' id='word_1_127' title='bbox 659 1154 682 1192; x_wconf 76' lang='lat' dir='ltr'>e</span> <span class='ocrx_word' id='word_1_128' title='bbox 718 1151 976 1205; x_wconf 87' lang='lat' dir='ltr'>quinientos</span> <span class='ocrx_word' id='word_1_129' title='bbox 1006 1166 1035 1208; x_wconf 94' lang='lat' dir='ltr'><strong>y</strong></span> <span class='ocrx_word' id='word_1_130' title='bbox 1065 1157 1260 1194; x_wconf 89' lang='lat' dir='ltr'>noventa</span> <span class='ocrx_word' id='word_1_131' title='bbox 1287 1166 1316 1208; x_wconf 91' lang='lat' dir='ltr'>y</span> <span class='ocrx_word' id='word_1_132' title='bbox 1349 1151 1463 1194; x_wconf 91' lang='lat' dir='ltr'>ocho</span> <span class='ocrx_word' id='word_1_133' title='bbox 1495 1154 1621 1193; x_wconf 78' lang='lat' dir='ltr'>afios.</span> 
     </span>
     <span class='ocr_line' id='line_1_15' title="bbox 171 1222 1622 1279; baseline 0.001 -15"><span class='ocrx_word' id='word_1_134' title='bbox 171 1222 350 1264; x_wconf 85' lang='lat' dir='ltr'>Fueron</span> <span class='ocrx_word' id='word_1_135' title='bbox 373 1227 602 1276; x_wconf 86' lang='lat' dir='ltr'>presentes</span> <span class='ocrx_word' id='word_1_136' title='bbox 625 1224 814 1278; x_wconf 86' lang='lat' dir='ltr'>testigos</span> <span class='ocrx_word' id='word_1_137' title='bbox 836 1225 874 1266; x_wconf 93' lang='lat' dir='ltr'>el</span> <span class='ocrx_word' id='word_1_138' title='bbox 897 1224 1167 1267; x_wconf 87' lang='lat' dir='ltr'>Licenciado</span> <span class='ocrx_word' id='word_1_139' title='bbox 1196 1224 1378 1266; x_wconf 89' lang='lat' dir='ltr'>Moreno</span> <span class='ocrx_word' id='word_1_140' title='bbox 1399 1237 1428 1279; x_wconf 95' lang='lat' dir='ltr'>y</span> <span class='ocrx_word' id='word_1_141' title='bbox 1451 1222 1622 1266; x_wconf 87' lang='lat' dir='ltr'>Vizen-</span> 
     </span>
     <span class='ocr_line' id='line_1_16' title="bbox 169 1294 1634 1356; baseline -0.001 -19"><span class='ocrx_word' id='word_1_142' title='bbox 169 1300 213 1337; x_wconf 84' lang='lat' dir='ltr'>te</span> <span class='ocrx_word' id='word_1_143' title='bbox 237 1294 345 1336; x_wconf 83' lang='lat' dir='ltr'>Sors</span> <span class='ocrx_word' id='word_1_144' title='bbox 367 1309 394 1356; x_wconf 79' lang='lat' dir='ltr'>y</span> <span class='ocrx_word' id='word_1_145' title='bbox 417 1295 531 1352; x_wconf 87' lang='lat' dir='ltr'>Joan</span> <span class='ocrx_word' id='word_1_146' title='bbox 557 1295 610 1337; x_wconf 90' lang='lat' dir='ltr'>de</span> <span class='ocrx_word' id='word_1_147' title='bbox 639 1296 840 1349; x_wconf 79' lang='lat' dir='ltr'>Ordufia,</span> <span class='ocrx_word' id='word_1_148' title='bbox 868 1297 1116 1339; x_wconf 83' lang='lat' dir='ltr'>residentes</span> <span class='ocrx_word' id='word_1_149' title='bbox 1138 1311 1191 1339; x_wconf 93' lang='lat' dir='ltr'>en</span> <span class='ocrx_word' id='word_1_150' title='bbox 1216 1302 1314 1339; x_wconf 87' lang='lat' dir='ltr'>esta</span> <span class='ocrx_word' id='word_1_151' title='bbox 1343 1301 1482 1348; x_wconf 87' lang='lat' dir='ltr'>corte,</span> <span class='ocrx_word' id='word_1_152' title='bbox 1521 1309 1551 1351; x_wconf 95' lang='lat' dir='ltr'>y</span> <span class='ocrx_word' id='word_1_153' title='bbox 1582 1295 1634 1336; x_wconf 88' lang='lat' dir='ltr'>lo-</span> 
     </span>
     <span class='ocr_line' id='line_1_17' title="bbox 171 1368 1627 1426; baseline -0.001 -16"><span class='ocrx_word' id='word_1_154' title='bbox 171 1368 305 1411; x_wconf 74' lang='lat' dir='ltr'>firmt&#39;)</span> <span class='ocrx_word' id='word_1_155' title='bbox 328 1370 367 1409; x_wconf 89' lang='lat' dir='ltr'>el</span> <span class='ocrx_word' id='word_1_156' title='bbox 392 1368 523 1410; x_wconf 91' lang='lat' dir='ltr'>dicho</span> <span class='ocrx_word' id='word_1_157' title='bbox 554 1373 809 1423; x_wconf 84' lang='lat' dir='ltr'>otorgante,</span> <span class='ocrx_word' id='word_1_158' title='bbox 831 1385 922 1424; x_wconf 88' lang='lat' dir='ltr'>-que</span> <span class='ocrx_word' id='word_1_159' title='bbox 951 1384 1008 1426; x_wconf 88' lang='lat' dir='ltr'>yo</span> <span class='ocrx_word' id='word_1_160' title='bbox 1032 1371 1070 1412; x_wconf 93' lang='lat' dir='ltr'>el</span> <span class='ocrx_word' id='word_1_161' title='bbox 1094 1370 1327 1412; x_wconf 84' lang='lat' dir='ltr'>escribano</span> <span class='ocrx_word' id='word_1_162' title='bbox 1350 1369 1436 1424; x_wconf 87' lang='lat' dir='ltr'>doy</span> <span class='ocrx_word' id='word_1_163' title='bbox 1458 1368 1526 1411; x_wconf 92' lang='lat' dir='ltr'>fee</span> <span class='ocrx_word' id='word_1_164' title='bbox 1546 1381 1627 1410; x_wconf 89' lang='lat' dir='ltr'>co-</span> 
     </span>
     <span class='ocr_line' id='line_1_18' title="bbox 167 1440 1631 1499; baseline -0.001 -15"><span class='ocrx_word' id='word_1_165' title='bbox 167 1441 502 1496; x_wconf 81' lang='lat' dir='ltr'>nozco.-—Lope</span> <span class='ocrx_word' id='word_1_166' title='bbox 523 1441 570 1483; x_wconf 83' lang='lat' dir='ltr'>de</span> <span class='ocrx_word' id='word_1_167' title='bbox 591 1441 711 1498; x_wconf 81' lang='lat' dir='ltr'>Vega</span> <span class='ocrx_word' id='word_1_168' title='bbox 735 1442 1093 1499; x_wconf 82' lang='lat' dir='ltr'>Carpio.--Ante</span> <span class='ocrx_word' id='word_1_169' title='bbox 1118 1442 1198 1493; x_wconf 85' lang='lat' dir='ltr'>mi,</span> <span class='ocrx_word' id='word_1_170' title='bbox 1223 1443 1429 1485; x_wconf 82' lang='lat' dir='ltr'>Baltasar</span> <span class='ocrx_word' id='word_1_171' title='bbox 1445 1440 1631 1494; x_wconf 35' lang='lat' dir='ltr'>Garnae</span> 
     </span>
     <span class='ocr_line' id='line_1_19' title="bbox 151 1513 576 1558; baseline -0.014 0"><span class='ocrx_word' id='word_1_172' title='bbox 151 1514 295 1558; x_wconf 84' lang='lat' dir='ltr'>—Sin</span> <span class='ocrx_word' id='word_1_173' title='bbox 318 1513 576 1556; x_wconf 78' lang='lat' dir='ltr'>derechos.»</span> 
     </span>
    </p>

    <p class='ocr_par' dir='ltr' id='par_1_3' title="bbox 228 1586 1637 1647">
     <span class='ocr_line' id='line_1_20' title="bbox 228 1586 1637 1647; baseline 0.003 -20"><span class='ocrx_word' id='word_1_174' title='bbox 228 1586 486 1639; x_wconf 91' lang='lat' dir='ltr'>(Protocolo</span> <span class='ocrx_word' id='word_1_175' title='bbox 510 1587 563 1628; x_wconf 91' lang='lat' dir='ltr'>de</span> <span class='ocrx_word' id='word_1_176' title='bbox 588 1588 797 1630; x_wconf 83' lang='lat' dir='ltr'>Baltasar</span> <span class='ocrx_word' id='word_1_177' title='bbox 825 1588 1005 1640; x_wconf 82' lang='lat' dir='ltr'>Gareia,</span> <span class='ocrx_word' id='word_1_178' title='bbox 1045 1588 1160 1647; x_wconf 85' lang='lat'>1595</span> <span class='ocrx_word' id='word_1_179' title='bbox 1185 1591 1212 1632; x_wconf 79' lang='grc'><strong>3</strong></span> <span class='ocrx_word' id='word_1_180' title='bbox 1236 1589 1369 1641; x_wconf 85' lang='grc'><strong>1605,</strong></span> <span class='ocrx_word' id='word_1_181' title='bbox 1397 1589 1473 1631; x_wconf 88' lang='lat' dir='ltr'>fol.</span> <span class='ocrx_word' id='word_1_182' title='bbox 1502 1588 1637 1644; x_wconf 71' lang='lat'>144.)</span> 
     </span>
    </p>
   </div>
   <div class='ocr_carea' id='block_1_3' title="bbox 151 1732 1639 2300">
    <p class='ocr_par' dir='ltr' id='par_1_4' title="bbox 151 1732 1639 2222">
     <span class='ocr_line' id='line_1_21' title="bbox 233 1732 1634 1790; baseline -0.001 -13"><span class='ocrx_word' id='word_1_183' title='bbox 233 1733 585 1777; x_wconf 86' lang='lat' dir='ltr'>Documento</span> <span class='ocrx_word' id='word_1_184' title='bbox 607 1732 767 1778; x_wconf 70' lang='lat' dir='ltr'>nl&#39;xm.</span> <span class='ocrx_word' id='word_1_185' title='bbox 793 1735 848 1779; x_wconf 87' lang='lat'>4.</span> <span class='ocrx_word' id='word_1_186' title='bbox 867 1759 928 1766; x_wconf 94' lang='lat'>——</span> <span class='ocrx_word' id='word_1_187' title='bbox 946 1735 1237 1790; x_wconf 77' lang='lat' dir='ltr'>«Obligacion</span> <span class='ocrx_word' id='word_1_188' title='bbox 1260 1736 1315 1778; x_wconf 89' lang='lat' dir='ltr'>de</span> <span class='ocrx_word' id='word_1_189' title='bbox 1343 1734 1543 1778; x_wconf 88' lang='lat' dir='ltr'>Antonio</span> <span class='ocrx_word' id='word_1_190' title='bbox 1575 1733 1634 1777; x_wconf 89' lang='lat' dir='ltr'>de</span> 
     </span>
     <span class='ocr_line' id='line_1_22' title="bbox 174 1803 1639 1865; baseline 0.003 -18"><span class='ocrx_word' id='word_1_191' title='bbox 174 1803 378 1861; x_wconf 86' lang='lat' dir='ltr'>Guardo‚</span> <span class='ocrx_word' id='word_1_192' title='bbox 413 1805 570 1846; x_wconf 85' lang='lat' dir='ltr'>vecino</span> <span class='ocrx_word' id='word_1_193' title='bbox 603 1805 657 1847; x_wconf 92' lang='lat' dir='ltr'>de</span> <span class='ocrx_word' id='word_1_194' title='bbox 688 1806 876 1858; x_wconf 83' lang='lat' dir='ltr'>Madrid,</span> <span class='ocrx_word' id='word_1_195' title='bbox 909 1822 939 1863; x_wconf 93' lang='lat' dir='ltr'>y</span> <span class='ocrx_word' id='word_1_196' title='bbox 969 1807 1169 1865; x_wconf 83' lang='lat' dir='ltr'>obligado</span> <span class='ocrx_word' id='word_1_197' title='bbox 1197 1814 1246 1851; x_wconf 75' lang='lat' dir='ltr'>en</span> <span class='ocrx_word' id='word_1_198' title='bbox 1280 1808 1344 1851; x_wconf 89' lang='lat' dir='ltr'>las</span> <span class='ocrx_word' id='word_1_199' title='bbox 1375 1807 1639 1852; x_wconf 76' lang='lat' dir='ltr'>carnezerias-</span> 
     </span>
     <span class='ocr_line' id='line_1_23' title="bbox 165 1876 1631 1933; baseline 0.003 -16"><span class='ocrx_word' id='word_1_200' title='bbox 165 1876 280 1918; x_wconf 79' lang='lat' dir='ltr'>desta</span> <span class='ocrx_word' id='word_1_201' title='bbox 303 1876 425 1918; x_wconf 81' lang='lat' dir='ltr'>dicha</span> <span class='ocrx_word' id='word_1_202' title='bbox 448 1877 569 1929; x_wconf 76' lang='lat' dir='ltr'>villa,</span> <span class='ocrx_word' id='word_1_203' title='bbox 595 1878 648 1920; x_wconf 91' lang='lat' dir='ltr'>de</span> <span class='ocrx_word' id='word_1_204' title='bbox 673 1893 814 1933; x_wconf 84' lang='lat' dir='ltr'>pagar</span> <span class='ocrx_word' id='word_1_205' title='bbox 836 1881 862 1922; x_wconf 73' lang='lat' dir='ltr'>a</span> <span class='ocrx_word' id='word_1_206' title='bbox 886 1881 1131 1923; x_wconf 87' lang='lat' dir='ltr'>Francisco</span> <span class='ocrx_word' id='word_1_207' title='bbox 1160 1882 1213 1924; x_wconf 91' lang='lat' dir='ltr'>de</span> <span class='ocrx_word' id='word_1_208' title='bbox 1238 1882 1478 1932; x_wconf 70' lang='lat' dir='ltr'>valdan-ze,</span> <span class='ocrx_word' id='word_1_209' title='bbox 1511 1894 1631 1923; x_wconf 88' lang='lat' dir='ltr'>mer-</span> 
     </span>
     <span class='ocr_line' id='line_1_24' title="bbox 168 1948 1639 2011; baseline 0.004 -22"><span class='ocrx_word' id='word_1_210' title='bbox 168 1948 315 1999; x_wconf 85' lang='lat' dir='ltr'>cader,</span> <span class='ocrx_word' id='word_1_211' title='bbox 342 1963 485 1990; x_wconf 90' lang='lat' dir='ltr'>nueve</span> <span class='ocrx_word' id='word_1_212' title='bbox 510 1949 587 1991; x_wconf 88' lang='lat' dir='ltr'>mil</span> <span class='ocrx_word' id='word_1_213' title='bbox 614 1950 710 1992; x_wconf 91' lang='lat' dir='ltr'>cien</span> <span class='ocrx_word' id='word_1_214' title='bbox 730 1952 877 1993; x_wconf 45' lang='lat' dir='ltr'>&gt;reales</span> <span class='ocrx_word' id='word_1_215' title='bbox 901 1966 982 2007; x_wconf 87' lang='lat' dir='ltr'>por</span> <span class='ocrx_word' id='word_1_216' title='bbox 1004 1958 1112 1995; x_wconf 84' lang='lat' dir='ltr'>otros</span> <span class='ocrx_word' id='word_1_217' title='bbox 1136 1958 1268 1995; x_wconf 78' lang='lat' dir='ltr'>tantos</span> <span class='ocrx_word' id='word_1_218' title='bbox 1291 1969 1365 2011; x_wconf 80' lang='lat' dir='ltr'>que</span> <span class='ocrx_word' id='word_1_219' title='bbox 1391 1954 1439 1996; x_wconf 84' lang='lat' dir='ltr'>de</span> <span class='ocrx_word' id='word_1_220' title='bbox 1462 1953 1639 2008; x_wconf 68' lang='lat' dir='ltr'>ordeny</span> 
     </span>
     <span class='ocr_line' id='line_1_25' title="bbox 167 2021 1629 2081; baseline 0.004 -19"><span class='ocrx_word' id='word_1_221' title='bbox 167 2021 508 2063; x_wconf 77' lang='lat' dir='ltr'>consemimiento</span> <span class='ocrx_word' id='word_1_222' title='bbox 531 2022 579 2064; x_wconf 79' lang='lat' dir='ltr'>de</span> <span class='ocrx_word' id='word_1_223' title='bbox 601 2023 717 2079; x_wconf 79' lang='lat' dir='ltr'>Lope</span> <span class='ocrx_word' id='word_1_224' title='bbox 740 2024 788 2065; x_wconf 82' lang='lat' dir='ltr'>de</span> <span class='ocrx_word' id='word_1_225' title='bbox 816 2024 951 2081; x_wconf 81' lang='lat' dir='ltr'>Vega,</span> <span class='ocrx_word' id='word_1_226' title='bbox 975 2026 1036 2067; x_wconf 80' lang='lat' dir='ltr'>mi</span> <span class='ocrx_word' id='word_1_227' title='bbox 1050 2040 1197 2081; x_wconf 77' lang='lat' dir='ltr'>yeruo,</span> <span class='ocrx_word' id='word_1_228' title='bbox 1233 2027 1430 2069; x_wconf 73' lang='lat' dir='ltr'>residente</span> <span class='ocrx_word' id='word_1_229' title='bbox 1466 2040 1516 2068; x_wconf 80' lang='lat' dir='ltr'>en</span> <span class='ocrx_word' id='word_1_230' title='bbox 1545 2030 1629 2068; x_wconf 75' lang='lat' dir='ltr'>esta</span> 
     </span>
     <span class='ocr_line' id='line_1_26' title="bbox 169 2096 1638 2155; baseline 0.003 -21"><span class='ocrx_word' id='word_1_231' title='bbox 169 2098 292 2143; x_wconf 79' lang='lat' dir='ltr'>corte,</span> <span class='ocrx_word' id='word_1_232' title='bbox 318 2108 441 2148; x_wconf 54' lang='grc' dir='ltr'><em>στω-οε</em></span> <span class='ocrx_word' id='word_1_233' title='bbox 461 2108 534 2135; x_wconf 77' lang='lat' dir='ltr'>son</span> <span class='ocrx_word' id='word_1_234' title='bbox 541 2126 633 2139; x_wconf 91' lang='grc'><strong>.....</strong></span> <span class='ocrx_word' id='word_1_235' title='bbox 660 2110 722 2138; x_wconf 83' lang='lat' dir='ltr'>me</span> <span class='ocrx_word' id='word_1_236' title='bbox 746 2096 802 2138; x_wconf 88' lang='lat' dir='ltr'>da</span> <span class='ocrx_word' id='word_1_237' title='bbox 821 2111 854 2152; x_wconf 83' lang='lat' dir='ltr'>y</span> <span class='ocrx_word' id='word_1_238' title='bbox 886 2102 1075 2154; x_wconf 76' lang='lat' dir='ltr'>entrega.</span> <span class='ocrx_word' id='word_1_239' title='bbox 1110 2099 1283 2141; x_wconf 87' lang='lat' dir='ltr'>Madrid</span> <span class='ocrx_word' id='word_1_240' title='bbox 1312 2112 1337 2155; x_wconf 94' lang='lat'><strong><em>7</em></strong></span> <span class='ocrx_word' id='word_1_241' title='bbox 1369 2099 1421 2140; x_wconf 88' lang='lat' dir='ltr'>de</span> <span class='ocrx_word' id='word_1_242' title='bbox 1453 2101 1638 2153; x_wconf 85' lang='lat' dir='ltr'>Agosto·</span> 
     </span>
     <span class='ocr_line' id='line_1_27' title="bbox 151 2164 392 2222; baseline -0.008 -14"><span class='ocrx_word' id='word_1_243' title='bbox 151 2164 208 2208; x_wconf 89' lang='lat' dir='ltr'>de</span> <span class='ocrx_word' id='word_1_244' title='bbox 230 2164 392 2222; x_wconf 77' lang='lat'>1599.»</span> 
     </span>
    </p>

    <p class='ocr_par' dir='ltr' id='par_1_5' title="bbox 228 2238 1276 2300">
     <span class='ocr_line' id='line_1_28' title="bbox 228 2238 1276 2300; baseline 0.008 -21"><span class='ocrx_word' id='word_1_245' title='bbox 228 2238 484 2292; x_wconf 88' lang='lat' dir='ltr'>(Protocolo</span> <span class='ocrx_word' id='word_1_246' title='bbox 508 2240 562 2282; x_wconf 91' lang='lat' dir='ltr'>de</span> <span class='ocrx_word' id='word_1_247' title='bbox 585 2241 784 2283; x_wconf 90' lang='lat' dir='ltr'>Antonio</span> <span class='ocrx_word' id='word_1_248' title='bbox 807 2242 860 2284; x_wconf 92' lang='lat' dir='ltr'>de</span> <span class='ocrx_word' id='word_1_249' title='bbox 883 2242 925 2284; x_wconf 89' lang='grc'><strong>13</strong></span> <span class='ocrx_word' id='word_1_250' title='bbox 950 2242 1092 2295; x_wconf 70' lang='grc'><strong>(33110,</strong></span> <span class='ocrx_word' id='word_1_251' title='bbox 1121 2243 1276 2300; x_wconf 92' lang='grc'><strong>1599.)</strong></span> 
     </span>
    </p>
   </div>
   <div class='ocr_carea' id='block_1_4' title="bbox 169 2383 1639 2807">
    <p class='ocr_par' dir='ltr' id='par_1_6' title="bbox 169 2383 1639 2807">
     <span class='ocr_line' id='line_1_29' title="bbox 226 2383 1637 2444; baseline 0.002 -17"><span class='ocrx_word' id='word_1_252' title='bbox 226 2383 579 2430; x_wconf 85' lang='lat' dir='ltr'>Documento</span> <span class='ocrx_word' id='word_1_253' title='bbox 596 2384 756 2431; x_wconf 79' lang='lat' dir='ltr'><strong>m&#39;lm.</strong></span> <span class='ocrx_word' id='word_1_254' title='bbox 778 2387 1073 2431; x_wconf 87' lang='lat' dir='ltr'>5.-—«Poder</span> <span class='ocrx_word' id='word_1_255' title='bbox 1089 2387 1143 2430; x_wconf 90' lang='lat' dir='ltr'>de</span> <span class='ocrx_word' id='word_1_256' title='bbox 1161 2390 1286 2444; x_wconf 91' lang='lat' dir='ltr'>Lope</span> <span class='ocrx_word' id='word_1_257' title='bbox 1303 2389 1503 2443; x_wconf 87' lang='lat' dir='ltr'>de-Vega</span> <span class='ocrx_word' id='word_1_258' title='bbox 1521 2388 1637 2432; x_wconf 79' lang='lat' dir='ltr'>Car-</span> 
     </span>
     <span class='ocr_line' id='line_1_30' title="bbox 173 2453 1639 2519; baseline 0.005 -23"><span class='ocrx_word' id='word_1_259' title='bbox 173 2453 265 2508; x_wconf 90' lang='lat' dir='ltr'>pio‚</span> <span class='ocrx_word' id='word_1_260' title='bbox 291 2455 449 2498; x_wconf 87' lang='lat' dir='ltr'>vecino</span> <span class='ocrx_word' id='word_1_261' title='bbox 473 2457 527 2499; x_wconf 93' lang='lat' dir='ltr'>de</span> <span class='ocrx_word' id='word_1_262' title='bbox 550 2457 742 2509; x_wconf 89' lang='lat' dir='ltr'>Madrid,</span> <span class='ocrx_word' id='word_1_263' title='bbox 769 2460 795 2501; x_wconf 73' lang='lat' dir='ltr'>a</span> <span class='ocrx_word' id='word_1_264' title='bbox 818 2458 1035 2514; x_wconf 89' lang='lat' dir='ltr'>Gregorio</span> <span class='ocrx_word' id='word_1_265' title='bbox 1059 2461 1243 2512; x_wconf 88' lang='lat' dir='ltr'>Alonso,</span> <span class='ocrx_word' id='word_1_266' title='bbox 1269 2475 1445 2519; x_wconf 89' lang='lat' dir='ltr'>ropero,</span> <span class='ocrx_word' id='word_1_267' title='bbox 1471 2461 1639 2503; x_wconf 76' lang='lat' dir='ltr'>vecino</span> 
     </span>
     <span class='ocr_line' id='line_1_31' title="bbox 171 2526 1624 2583; baseline 0.006 -16"><span class='ocrx_word' id='word_1_268' title='bbox 171 2526 225 2567; x_wconf 88' lang='lat' dir='ltr'>de</span> <span class='ocrx_word' id='word_1_269' title='bbox 248 2527 437 2579; x_wconf 89' lang='lat' dir='ltr'>Madrid,</span> <span class='ocrx_word' id='word_1_270' title='bbox 466 2543 574 2583; x_wconf 87' lang='lat' dir='ltr'>para</span> <span class='ocrx_word' id='word_1_271' title='bbox 597 2530 753 2573; x_wconf 88' lang='lat' dir='ltr'>cobrar</span> <span class='ocrx_word' id='word_1_272' title='bbox 785 2532 839 2574; x_wconf 89' lang='lat' dir='ltr'>de</span> <span class='ocrx_word' id='word_1_273' title='bbox 870 2532 1013 2575; x_wconf 90' lang='lat' dir='ltr'>Pedro</span> <span class='ocrx_word' id='word_1_274' title='bbox 1036 2532 1261 2576; x_wconf 83' lang='lat' dir='ltr'>Ximenez</span> <span class='ocrx_word' id='word_1_275' title='bbox 1284 2535 1336 2576; x_wconf 88' lang='lat' dir='ltr'>de</span> <span class='ocrx_word' id='word_1_276' title='bbox 1370 2534 1624 2578; x_wconf 87' lang='lat' dir='ltr'>Valenzue-</span> 
     </span>
     <span class='ocr_line' id='line_1_32' title="bbox 171 2597 1632 2662; baseline 0.007 -23"><span class='ocrx_word' id='word_1_277' title='bbox 171 2597 232 2650; x_wconf 87' lang='grc'><strong>13,</strong></span> <span class='ocrx_word' id='word_1_278' title='bbox 258 2599 418 2642; x_wconf 88' lang='lat' dir='ltr'>vecino</span> <span class='ocrx_word' id='word_1_279' title='bbox 442 2602 495 2643; x_wconf 91' lang='lat' dir='ltr'>de</span> <span class='ocrx_word' id='word_1_280' title='bbox 519 2602 711 2653; x_wconf 91' lang='lat' dir='ltr'>Toled0,</span> <span class='ocrx_word' id='word_1_281' title='bbox 736 2617 826 2660; x_wconf 87' lang='lat'>400</span> <span class='ocrx_word' id='word_1_282' title='bbox 850 2606 992 2648; x_wconf 84' lang='lat' dir='ltr'>reales</span> <span class='ocrx_word' id='word_1_283' title='bbox 1013 2620 1099 2661; x_wconf 91' lang='lat' dir='ltr'>que</span> <span class='ocrx_word' id='word_1_284' title='bbox 1120 2607 1161 2648; x_wconf 93' lang='lat' dir='ltr'>le</span> <span class='ocrx_word' id='word_1_285' title='bbox 1184 2599 1294 2649; x_wconf 82' lang='lat' dir='ltr'>debe</span> <span class='ocrx_word' id='word_1_286' title='bbox 1317 2621 1398 2662; x_wconf 89' lang='lat' dir='ltr'>por</span> <span class='ocrx_word' id='word_1_287' title='bbox 1414 2606 1632 2649; x_wconf 83' lang='lat' dir='ltr'>escritura</span> 
     </span>
     <span class='ocr_line' id='line_1_33' title="bbox 171 2672 1638 2724; baseline 0.006 -14"><span class='ocrx_word' id='word_1_288' title='bbox 171 2672 388 2724; x_wconf 88' lang='lat' dir='ltr'>otorgada</span> <span class='ocrx_word' id='word_1_289' title='bbox 410 2687 463 2714; x_wconf 90' lang='lat' dir='ltr'>en</span> <span class='ocrx_word' id='word_1_290' title='bbox 488 2673 659 2717; x_wconf 90' lang='lat' dir='ltr'>Toledo</span> <span class='ocrx_word' id='word_1_291' title='bbox 682 2677 707 2718; x_wconf 78' lang='grc'><strong>3</strong></span> <span class='ocrx_word' id='word_1_292' title='bbox 733 2689 790 2719; x_wconf 90' lang='grc'><strong>10</strong></span> <span class='ocrx_word' id='word_1_293' title='bbox 813 2678 867 2720; x_wconf 82' lang='grc'>(10</span> <span class='ocrx_word' id='word_1_294' title='bbox 890 2679 1041 2720; x_wconf 90' lang='lat' dir='ltr'>Enero</span> <span class='ocrx_word' id='word_1_295' title='bbox 1064 2679 1118 2721; x_wconf 88' lang='lat' dir='ltr'>de</span> <span class='ocrx_word' id='word_1_296' title='bbox 1144 2680 1259 2724; x_wconf 87' lang='lat'>1602</span> <span class='ocrx_word' id='word_1_297' title='bbox 1285 2685 1388 2721; x_wconf 89' lang='lat' dir='ltr'>ante</span> <span class='ocrx_word' id='word_1_298' title='bbox 1411 2678 1554 2722; x_wconf 91' lang='lat' dir='ltr'>Pedro</span> <span class='ocrx_word' id='word_1_299' title='bbox 1576 2678 1638 2720; x_wconf 84' lang='lat' dir='ltr'>de-</span> 
     </span>
     <span class='ocr_line' id='line_1_34' title="bbox 169 2741 1638 2807; baseline 0.006 -23"><span class='ocrx_word' id='word_1_300' title='bbox 169 2741 316 2784; x_wconf 89' lang='lat' dir='ltr'>Galdo</span> <span class='ocrx_word' id='word_1_301' title='bbox 349 2742 421 2794; x_wconf 69' lang='grc' dir='ltr'>(ἰ),</span> <span class='ocrx_word' id='word_1_302' title='bbox 459 2746 689 2790; x_wconf 86' lang='lat' dir='ltr'>escribano</span> <span class='ocrx_word' id='word_1_303' title='bbox 712 2750 765 2792; x_wconf 92' lang='lat' dir='ltr'>de</span> <span class='ocrx_word' id='word_1_304' title='bbox 803 2750 933 2792; x_wconf 92' lang='lat' dir='ltr'>dicha</span> <span class='ocrx_word' id='word_1_305' title='bbox 966 2750 1142 2803; x_wconf 90' lang='lat' dir='ltr'>ciudad,</span> <span class='ocrx_word' id='word_1_306' title='bbox 1177 2765 1207 2807; x_wconf 92' lang='lat' dir='ltr'>y</span> <span class='ocrx_word' id='word_1_307' title='bbox 1237 2766 1346 2807; x_wconf 86' lang='lat' dir='ltr'>para</span> <span class='ocrx_word' id='word_1_308' title='bbox 1379 2751 1534 2794; x_wconf 89' lang='lat' dir='ltr'>cobrar</span> <span class='ocrx_word' id='word_1_309' title='bbox 1562 2751 1638 2793; x_wconf 79' lang='lat' dir='ltr'>los</span> 
     </span>
    </p>
   </div>
   <div class='ocr_carea' id='block_1_5' title="bbox 221 2895 1635 2953">
    <p class='ocr_par' dir='ltr' id='par_1_7' title="bbox 221 2895 1635 2953">
     <span class='ocr_line' id='line_1_35' title="bbox 221 2895 1635 2953; baseline 0.009 -23"><span class='ocrx_word' id='word_1_310' title='bbox 221 2895 280 2942; x_wconf 84' lang='lat'>(1)</span> <span class='ocrx_word' id='word_1_311' title='bbox 329 2896 424 2932; x_wconf 72' lang='lat' dir='ltr'>Sera</span> <span class='ocrx_word' id='word_1_312' title='bbox 450 2900 713 2938; x_wconf 78' lang='lat' dir='ltr'>conveniente</span> <span class='ocrx_word' id='word_1_313' title='bbox 740 2914 808 2938; x_wconf 85' lang='lat' dir='ltr'>ver</span> <span class='ocrx_word' id='word_1_314' title='bbox 833 2911 912 2939; x_wconf 83' lang='lat' dir='ltr'>esta</span> <span class='ocrx_word' id='word_1_315' title='bbox 941 2904 1142 2948; x_wconf 82' lang='lat' dir='ltr'>escritura,</span> <span class='ocrx_word' id='word_1_316' title='bbox 1169 2916 1321 2953; x_wconf 85' lang='lat' dir='ltr'>porque</span> <span class='ocrx_word' id='word_1_317' title='bbox 1346 2905 1437 2942; x_wconf 87' lang='lat' dir='ltr'>bien</span> <span class='ocrx_word' id='word_1_318' title='bbox 1466 2906 1635 2953; x_wconf 76' lang='lat' dir='ltr'>pudiera</span> 
     </span>
    </p>
   </div>
  </div>
 </body>
</html>
