1786 3198
240 218 320 268 684
378 208 383 211 ⁸
540 224 581 252 c.
615 220 847 251 Mlcfflssms
877 222 933 248 DE
963 219 1296 262 VAscoflcELLos

187 310 283 365 plar
307 308 359 350 de
384 304 550 348 Lisboa
573 317 651 358 por
674 300 871 344 Oliveira
894 299 1082 343 Martins
1105 314 1129 342 e
1153 305 1324 350 outros,
1361 303 1490 342 antes
1522 313 1548 343 e
1570 299 1646 342 de·

189 382 283 437 pois
309 376 451 428 d'elle‚
490 378 671 431 provem
707 374 759 416 de
785 387 888 415 uma
913 378 1020 414 nota
1048 371 1373 427 manuscripta,
1409 372 1595 427 lampada
1619 372 1647 416 ἑ

187 466 384 507 margem
411 451 466 491 do
490 447 677 502 ijlogo
703 445 891 502 dirigido
913 445 958 486 al
981 460 1079 500 muy
1096 443 1257 487 illustre
1273 460 1293 487 e
1311 444 1645 488 reverendissimo

186 531 305 569 senor
327 539 373 566 en
387 522 510 578 jhesu
531 520 682 562 christo
695 518 826 575 padre
844 533 864 560 e
880 523 999 560 sefzor
1015 518 1068 560 ιίὄ
1085 517 1237 573 Alsb’so
1254 517 1302 560 de
1323 531 1488 575 aragon
1499 521 1582 574 por
1602 517 1646 559 la

186 599 329 642 divina
352 594 596 638 miseracion
619 591 953 633 adnzinistrador
970 594 1170 646 perpetuo
1187 590 1235 633 de
1257 590 1299 632 la
1319 591 1516 648 Eglesia:
1535 606 1554 632 e
1573 603 1644 632 ar·

185 670 403 729 qobispado
425 669 470 710 de
494 680 716 724 garagoqa:
753 663 1057 720 lugarteniente
1085 662 1259 719 general
1289 663 1353 706 del
1388 678 1458 720 rey
1479 668 1646 706 nuestro

181 749 301 786 seszor
322 757 372 783 en
388 741 424 783 el
447 753 569 794 rayno
592 738 640 779 de
663 751 851 793 aragon:
867 735 991 791 secho
1001 740 1083 791 por
1106 735 1274 778 Anthou
1293 737 1466 779 Durrea
1482 750 1557 794 que
1573 735 1645 779 di-

179 817 272 870 rige
295 829 321 855 a
342 827 390 855 stc
413 813 544 853 alteza
562 810 598 852 el
617 814 801 867 presente
823 808 945 852 libro.
970 806 1024 850 E'
1047 808 1251 850 evidente
1281 823 1368 863 que
1398 822 1424 851 o
1449 813 1642 851 annota-

179 889 258 931 dor
280 887 380 942 quis
404 885 573 927 indicar
595 897 763 938 apenas
787 896 919 925 como
943 888 1088 924 termo
1110 897 1137 923 a
1159 896 1236 938 quo
1260 896 1286 923 o
1309 896 1429 924 anno
1463 895 1533 924 em
1559 895 1646 936 que

184 976 210 1003 0
234 959 343 1002 filho
365 959 419 1001 do
444 957 527 999 Rei
553 956 778 999 catholico
802 956 862 998 foi
887 956 1078 1011 sagrado
1103 955 1351 1011 Arcebispo
1373 956 1427 998 de
1451 955 1646 1015 Qarago·

184 1048 236 1089 ς3
261 1031 332 1080 (1).
360 1032 397 1074 O
422 1036 568 1072 termo
592 1031 648 1072 ad
669 1045 789 1086 quem
812 1029 926 1071 seria
953 1029 1086 1073 1520.
1114 1030 1152 1072 O
1178 1034 1284 1084 typo
1298 1028 1498 1083 gothico,
1519 1042 1546 1070 o
1569 1041 1643 1082 pa·

181 1107 251 1162 pel
275 1118 447 1160 grosso,
474 1117 497 1145 e
522 1118 548 1145 a
570 1102 681 1144 salta
713 1102 766 1144 de
790 1102 920 1144 todas
943 1116 991 1144 as
1015 1101 1143 1143 datas
1177 1106 1357 1145 tornam
1383 1101 1594 1156 provavel
1619 1114 1647 1143 a

181 1177 427 1234 hypothese
461 1175 514 1236 de
548 1176 634 1217 ella
668 1180 895 1229 pertencer
918 1189 972 1216 ao
1001 1188 1089 1217 sec.
1124 1187 1199 1216 xv.
1238 1175 1303 1215 Ao
1333 1174 1561 1228 exemplar
1591 1173 1646 1216 de

177 1250 378 1294 Londres
396 1262 660 1303 apposeram
678 1262 736 1303 130
750 1248 958 1304 Catalogo
977 1262 1002 1289 a
1020 1248 1124 1290 data
1142 1259 1274 1304 1499.
1286 1247 1422 1289 Salva
1433 1245 1647 1301 julgou—a

175 1322 280 1365 feita
302 1336 374 1364 em
399 1321 626 1376 Portugal,
655 1326 780 1376 perto
803 1321 856 1362 de
881 1332 1010 1376 1490.

243 1397 423 1452 Quanto
448 1408 502 1436 ao
526 1394 668 1448 lugar,
697 1408 783 1437 nao
806 1393 979 1436 admira
1004 1406 1087 1447 que
1108 1406 1179 1434 em
1215 1391 1429 1447 Portugal
1452 1405 1499 1434 se
1520 1389 1644 1434 deci·

179 1469 343 1512 dissem
367 1481 449 1534 por
474 1465 659 1509 Lisboa.
686 1467 724 1510 O
747 1467 816 1510 P.
838 1465 1025 1508 Mendez
1049 1478 1132 1520 que
1155 1463 1387 1507 desfrutou
1413 1478 1490 1507 um
1514 1464 1643 1526 volp-

183 1556 266 1584 me
273 1555 343 1583 em
364 1555 448 1595 que
466 1554 515 1582 as
532 1539 697 1594 Coplas
715 1538 771 1581 do
791 1537 1120 1582 Condestavel
1109 1551 1198 1580 lam
1214 1536 1370 1592 juntas
1388 1552 1437 1579 as
1456 1537 1512 1580 da
1532 1537 1647 1581 Vidn

180 1615 227 1657 de
251 1614 418 1658 Christo
441 1613 494 1654 de
522 1613 642 1668 Fray
664 1611 793 1667 Ifiigo
817 1612 870 1654 de
905 1611 1125 1654 Mendoza
1149 1626 1172 1653 e
1195 1612 1244 1653 ds
1272 1611 1326 1652 de
1351 1610 1486 1667 Jorge
1509 1611 1644 1653 Man-

182 1688 322 1742 rique,
350 1690 373 1728 e
395 1686 451 1728 do
471 1699 645 1727 mesmo
664 1699 846 1740 parecer
869 1682 938 1735 (2),
960 1684 1261 1727 fundando-se
1281 1698 1339 1726 na
1358 1683 1649 1739 semelhanqa

185 1761 242 1803 da
271 1759 518 1814 impress5.0
542 1759 568 1800 3
597 1758 677 1800 das
712 1758 877 1812 Coplas
911 1758 964 1801 de
998 1756 1248 1812 Maurique,
1282 1755 1542 1812 publicadas
1575 1769 1648 1799 em

193 1845 307 1889 1501
333 1845 412 1886 por
439 1830 668 1873 Valentim
695 1830 966 1882 Fernandes,
994 1844 1052 1872 na
1075 1829 1242 1884 capital
1274 1829 1572 1884 portuguesa.
1601 1830 1644 1871 A

185 1903 522 1947 nacionalidade
540 1909 668 1944 tanto
691 1903 748 1944 do
765 1903 1030 1958 divulgador
1048 1903 1206 1952 Urrea,
1227 1914 1358 1943 como
1377 1900 1433 1942 do
1450 1899 1643 1943 destina-

180 1975 292 2018 tario
315 1975 387 2028 faz
411 1974 633 2030 presumir
656 1988 742 2028 que
765 1990 791 2016 a
815 1975 917 2017 sede
941 1975 996 2016 do
1019 1974 1259 2029 impressor
1289 1972 1407 2016 seria
1440 1974 1642 2034 §arago-

180 2063 248 2104 9a,
277 2049 391 2091 onde
417 2048 553 2096 Paulo
577 2049 733 2090 Hurus
757 2047 965 2103 publicou
997 2053 1148 2090 tantas
1179 2048 1311 2090 obras
1341 2046 1545 2088 notaveis
1568 2043 1641 2093 (3).

239 2122 302 2164 Os
323 2136 407 2176 que
441 2119 682 2162 attribuem
720 2135 769 2162 as
807 2120 959 2163 Glosas
992 2121 1047 2163 do
1083 2121 1312 2175 exemplar
1341 2119 1395 2161 de
1427 2117 1594 2162 Lisboa
1617 2131 1645 2161 a

182 2194 381 2236 Antonio
405 2189 607 2244 d'Urrea,
634 2198 721 2235 nfio
746 2193 934 2236 tiveram
959 2194 1111 2236 animo
1136 2193 1189 2235 de
1212 2192 1493 2250 as‚ler,vnem
1516 2190 1570 2233 de
1593 2203 1644 2233 as

181 2279 416 2321 comparat
438 2278 539 2307 com
559 2279 608 2307 as
626 2264 706 2306 dos
725 2265 917 2310 codices.
938 2267 1055 2309 Nem
1072 2271 1315 2321 tampoueo
1333 2263 1640 2307 examinaram

226 2445 283 2494 (1)
334 2446 482 2491 zurita,
501 2445 671 2494 Anates,
692 2449 772 2491 XX,
791 2457 826 2483 c.
845 2455 906 2491 23.
929 2445 1089 2482 Ribeiro
1109 2444 1181 2482 dos
1199 2445 1357 2491 Samos,
1384 2442 1643 2481 entendendo

183 2517 260 2552 que
279 2517 303 2542 o
322 2506 506 2557 Prologo
527 2508 610 2547 [ὑπ-3
633 2506 804 2554 escripto
823 2514 936 2543 antes
953 2505 1005 2542 do
1024 2504 1281 2543 Cardinalato
1300 2504 1348 2541 de
1373 2504 1421 2542 Ι).
1451 2502 1639 2549 Affonso,

180 2564 306 2601 infel-e
325 2578 402 2614 que
416 2578 456 2604 se
473 2567 676 2617 imprimiu
693 2566 783 2615 pelo
799 2577 940 2603 menos
953 2577 1015 2603 em
1035 2566 1140 2615 1478.
1161 2565 1334 2603 Barbosa
1352 2563 1547 2603 Machado
1561 2563 1640 2600 dis-

183 2634 237 2667 se,
258 2636 342 2661 com
365 2627 461 2663 mais
479 2628 661 2665 acertada
680 2627 850 2675 cautela,
869 2635 981 2664 antes
999 2626 1047 2664 de
1071 2627 1176 2666 1520,

225 2683 284 2732 (2)
338 2685 610 2738 Tipografia,
626 2701 660 2726 2.
663 2688 775 2732 ³ed.‚
797 2700 835 2736 p.
857 2688 919 2726 68

227 2744 285 2792 (3)
334 2747 455 2783 Entre
477 2749 571 2784 ellas
589 2760 631 2785 as
651 2747 801 2795 Coplas
820 2747 868 2784 de
888 2748 987 2796 Fray
1005 2746 1119 2794 Ifiigo
1138 2747 1186 2783 de
1207 2745 1416 2791 mendoza,
1435 2757 1456 2781 e
1474 2756 1542 2782 um
1562 2756 1638 2782 vo-

181 2803 288 2840 lume
310 2806 435 2842 muito
461 2808 658 2845 discutido
689 2807 913 2856 (contendo
939 2819 981 2844 as
1010 2807 1228 2858 Epistolas
1256 2819 1277 2845 e
1303 2805 1571 2856 Evangelhos
1589 2805 1638 2842 de

180 2864 362 2914 Gonqalo
382 2867 519 2904 Garcia
540 2869 587 2904 de
608 2869 693 2907 Sta.
715 2868 858 2917 Maria)
878 2880 956 2917 que
975 2879 1015 2904 se
1035 2876 1227 2906 encontra
1253 2880 1306 2906 na
1331 2866 1571 2906 bibliotheca
1588 2866 1638 2904 de

179 2924 391 2962 Fernando
411 2928 546 2974 Palha,
568 2940 629 2965 ern
649 2929 881 2977 portugues.
