1786 3198
531 251 695 280 cuns
722 252 779 280 ne
807 242 1031 286 MONm'zJAR
1058 250 1084 278 v
1112 251 1272 279 BALUZE
1521 249 1570 290 23

174 330 435 386 ehiepisoopi
454 328 696 383 parisiensis
718 329 785 378 (1);
807 329 915 369 inter
933 342 1027 381 quae
1046 328 1122 368 erit
1141 326 1378 368 dissertatio
1396 327 1450 368 de
1470 328 1630 379 origine

174 402 219 440 et
235 409 457 452 progressu
476 396 615 436 cultus
633 395 767 436 beatae
781 396 925 435 Mariae
940 394 1111 447 virginis
1130 394 1173 434 in
1188 397 1489 435 Monteserrato
1505 394 1627 434 exhi-

173 463 255 507 biti
271 470 316 505 et
333 462 416 504 alia
435 463 490 503 de
507 461 645 516 patria
662 461 883 516 Vigilantii
899 474 1023 514 quem
1043 461 1192 513 probat
1206 461 1377 502 Gallum
1396 460 1524 500 fuisse
1545 474 1628 500 non

175 530 446 582 Hispanum„
462 528 681 570 Eaeditio
697 527 888 568 absoluta
906 527 983 568 erit
1003 535 1187 568 vertente
1205 541 1318 568 anno
1336 534 1378 567 et
1406 527 1560 575 statim,
1594 528 1629 568 si

173 599 221 642 id
239 597 461 640 commode
479 597 572 638 fieri
590 596 759 650 poterit,
782 595 816 636 is
831 595 936 636 liber
954 595 1007 636 ad
1028 602 1069 635 te
1087 596 1285 642 mittetur,
1308 593 1628 635 Excellentissi-

173 678 242 706 me
258 664 457 707 Domine.
480 663 648 705 Interim
664 675 737 702 oro
755 662 1024 715 obtestorque
1043 667 1084 701 te
1104 669 1148 701 ut
1168 676 1234 701 me
1251 674 1413 713 semper
1427 673 1543 700 ames
1557 666 1630 700 tuo

173 731 334 773 nomini
355 729 933 771 devotissimum—Lutetiae
960 729 1211 768 Parisiorum
1242 743 1289 769 111
1319 729 1416 768 idus
1444 728 1629 768 octobris

173 797 478 839 MDCLXXX.

227 929 454 983 (original.
479 929 593 971 Bibl.
616 928 722 969 Nae.
745 928 799 968 de
818 927 999 975 Madrid,
1022 931 1177 980 Ee—93‚
1195 927 1268 968 fol.
1296 929 1627 969 186.—Minuta.

177 995 295 1039 Bibl.
315 995 423 1037 Nae.
444 996 498 1036 de
518 995 652 1044 Paris,
674 995 812 1036 Nouv.
834 1007 918 1047 acq.
939 994 1033 1041 lat„
1058 1007 1196 1047 2.337,
1218 995 1290 1035 fol.
1313 995 1401 1048 95.)

848 1249 954 1317 IX

612 1462 671 1510 M
674 1459 880 1525 ondbjar
901 1458 934 1508 ά
956 1458 1185 1508 Baluzio.

228 1660 322 1701 Con
341 1673 506 1702 summo
525 1667 649 1713 gusto
667 1661 813 1713 recino
830 1674 879 1700 su
898 1667 1012 1701 carta
1030 1660 1084 1700 de
1103 1659 1229 1699 de.
1253 1659 1305 1699 de
1330 1671 1375 1709 13
1397 1657 1468 1699 del
1485 1670 1627 1710 passa-

131 1766 137 1772 ,
171 1725 232 1768 do
257 1740 334 1779 por
360 1727 424 1768 las
452 1727 611 1768 buenas
639 1741 798 1768 nueuas
827 1741 908 1780 que
937 1740 1004 1766 me
1034 1725 1237 1778 participa
1258 1725 1312 1765 de
1331 1738 1380 1765 su
1400 1725 1519 1765 salud
1547 1737 1630 1778 que

170 1792 324 1836 denseo
342 1807 440 1846 muy
461 1794 691 1846 cumplida,
708 1807 785 1847 por
805 1794 847 1834 lo
865 1806 947 1847 que
965 1805 1194 1833 reconozco
1213 1792 1288 1832 util
1309 1805 1334 1831 a
1354 1793 1394 1830 la
1411 1790 1628 1843 republica

169 1858 348 1901 literaria
365 1873 448 1913 que
468 1866 581 1901 tanto
600 1860 706 1900 deue
725 1874 750 1901 a
770 1874 819 1900 su
838 1859 1067 1911 dilixencia
1086 1874 1112 1911 y
1133 1859 1316 1910 singular
1334 1856 1622 1908 obseruacion.

170 1926 334 1967 Daeseo
352 1924 515 1978 negueu
530 1939 556 1967 a
569 1940 619 1966 su
635 1939 758 1967 mano
775 1926 830 1967 de
844 1926 972 1968 de.
995 1927 1060 1966 los
1078 1925 1158 1965 dos
1172 1924 1339 1975 codices
1359 1923 1412 1964 de
1430 1924 1496 1964 los
1514 1923 1627 1964 Con-

174 1991 312 2044 cilios,
332 2005 383 2032 en
404 2005 486 2046 que
503 2006 652 2043 espero
670 1993 829 2034 hastata
846 1993 941 2044 algo
961 1993 1142 2044 singular
1161 1992 1214 2032 de
1234 2003 1314 2043 que
1333 1991 1507 2030 valerse.
1530 1989 1625 2030 En-

169 2064 235 2100 tre
254 2064 366 2100 otras
383 2071 506 2100 cosas
525 2073 774 2111 reconocera
794 2059 922 2102 de.
944 2073 1026 2112 que
1045 2060 1085 2099 la
1103 2056 1383 2109 chronologia,
1405 2056 1466 2096 asi
1487 2056 1541 2096 de
1561 2056 1626 2097 los

170 2124 380 2177 eoncilios
393 2139 516 2166 como
530 2126 583 2166 de
603 2126 669 2166 los
687 2139 807 2178 reyes
823 2139 905 2179 que
923 2126 1095 2179 publico
1115 2126 1283 2175 Loaysa
1304 2123 1371 2170 (2),
1390 2122 1526 2163 nosue
1544 2128 1624 2163 tra·

171 2190 282 2232 baxo
302 2205 424 2244 suyo,
445 2192 540 2233 sino
557 2192 612 2232 de
633 2193 730 2232 Don
748 2193 855 2246 Juan
883 2193 1014 2232 Perez
1033 2192 1183 2243 obispo
1203 2192 1255 2231 de
1275 2189 1472 2243 Segorbe,
1495 2202 1625 2230 varon

168 2257 225 2298 de
250 2269 353 2310 gran
378 2257 526 2310 juicio,
548 2259 665 2298 cuias
693 2272 770 2298 son
799 2259 861 2299 las
886 2264 1005 2298 notas
1024 2272 1047 2298 a
1072 2258 1137 2297 los
1164 2256 1384 2296 escritores
1401 2269 1428 2296 o
1446 2268 1626 2296 varones

170 2322 458 2364 eclesiasticos
477 2324 532 2364 de
551 2324 638 2365 San
656 2325 875 2372 Yssidoro‚
893 2339 974 2378 que
994 2325 1059 2365 sin
1078 2337 1203 2364 razon
1223 2322 1431 2363 atribuien
1451 2324 1625 2375 algunos

171 2403 202 2442 y
221 2395 339 2431 entre
355 2391 464 2431 ellos
482 2391 644 2432 Vberto
663 2392 797 2432 Mireo
815 2393 854 2432 al
875 2391 1025 2432 mismo
1045 2392 1227 2440 Loaysa.

226 2455 376 2496 Siento
394 2469 442 2496 se
458 2456 589 2496 dilate
608 2458 650 2497 la
667 2458 895 2509 impresion
915 2458 969 2497 de
987 2470 1059 2496 sus
1075 2455 1288 2506 Concilios
1307 2455 1361 2495 de
1379 2455 1504 2495 de.
1528 2454 1627 2507 (que

171 2533 320 2573 espero
346 2534 427 2562 con
457 2522 591 2576 ansia)
612 2536 688 2576 por
709 2524 752 2563 lo
771 2536 854 2576 que
872 2523 987 2563 hallo
1006 2522 1185 2573 siempre
1204 2521 1257 2561 de
1277 2520 1464 2573 singular
1482 2534 1535 2560 en
1554 2527 1623 2560 to-

221 2681 274 2730 (1)
331 2682 538 2732 Opuscula
556 2683 674 2721 Petri
689 2685 740 2722 de
755 2685 808 2722 Μ
811 2696 915 2721 arca
934 2683 1232 2732 archiepiscopi
1249 2682 1502 2720 parisiensis
1525 2694 1629 2719 nunc

166 2740 348 2788 primum
369 2743 409 2780 in
430 2743 557 2780 lucem
575 2744 698 2781 edita.
722 2745 859 2792 (Paris,
885 2745 987 2789 1681,
1008 2756 1057 2780 en
1077 2743 1148 2788 8.⁰)

220 2803 272 2852 (2)
322 2804 374 2840 Se
393 2812 490 2841 trata
509 2806 607 2853 aqui
625 2806 689 2843 del
710 2806 818 2843 Ordo
836 2813 873 2842 et
899 2804 1168 2853 chronologia
1193 2805 1414 2841 Gothorum
1440 2815 1582 2853 regum
1601 2815 1626 2852 y

169 2862 220 2900 de
237 2862 275 2900 la
290 2863 581 2913 chronologia
598 2865 890 2902 Toletanorum
904 2865 1127 2914 praesulum
1142 2872 1179 2901 et
1193 2864 1471 2903 conciliorum.
1488 2864 1626 2900 inclus-

170 2921 241 2959 das
258 2934 308 2960 en
326 2923 364 2960 la
383 2924 587 2962 Collectio
613 2925 876 2962 conciliorum
899 2925 948 2962 H
953 2925 1127 2974 ispaniae
1151 2924 1215 2961 del
1241 2925 1461 2972 Arzobispo
1488 2923 1627 2960 Garcia

172 2981 223 3019 de
239 2981 410 3031 Loaysa:
430 2983 597 3030 Madrid‚
622 2994 727 3033 1593.
