1786 3198
261 213 347 267 406
743 220 914 249 EouARD
943 220 1150 249 BOEHMER

266 305 320 347 In
344 304 484 345 dorso:
508 299 771 344 Clarissimo
788 298 885 341 viro
905 300 963 341 D.
991 298 1155 357 Joanni
1181 295 1400 342 Dantisco
1423 299 1671 343 Serenissi-

209 377 273 421 mi
298 374 436 429 Regis
460 372 659 416 Poloniae
681 371 799 427 apud
824 372 1048 415 Caesarem
1072 371 1254 416 oratori.

270 448 374 490 Alia
396 460 546 488 manu.-
580 445 687 488 Dat.
711 443 917 487 Gandavi
940 446 1000 487 30
1032 444 1180 487 Martii
1203 447 1339 500 1531,
1364 458 1452 488 ree.
1474 444 1676 489 Antuer—

203 520 266 577 pii
288 519 464 562 ultima.

267 664 317 707 S.
385 662 662 705 Litterarum
687 662 943 715 exemplum
969 667 1018 704 ut
1035 660 1165 716 jubes
1187 662 1335 713 mitto,
1361 663 1536 707 litterae
1559 663 1676 719 ipsae

202 737 405 781 nondum
423 741 527 778 sunt
544 734 823 789 subscriptae,
838 748 913 776 eas
931 739 1083 776 tamen
1103 734 1289 778 habebis
1307 735 1439 779 hodie
1456 750 1546 780 una
1561 750 1666 780 curn

205 809 451 865 privilegiis
477 808 644 863 absque
678 813 795 850 taxa.
830 807 1060 849 Balanson
1085 812 1263 850 tantum
1293 809 1461 859 attulit,
1493 809 1671 865 Regem

202 883 387 926 Gallum
425 880 706 936 aegritudinis
745 879 902 922 matris
934 893 1071 922 causa
1106 880 1162 923 ad
1199 887 1474 924 conventum
1515 883 1673 925 venire

203 969 294 998 non
319 969 468 1009 posse,
493 954 570 995 sed
593 958 826 1008 propterea
848 966 938 993 non
962 951 1083 994 venit
1107 951 1224 1006 quod
1245 952 1397 995 Caesar
1416 952 1500 995 sibi
1524 958 1677 996 certas

205 1027 328 1082 leges
351 1026 391 1068 ei
414 1039 573 1080 parum
602 1031 755 1080 gratas
788 1024 1119 1080 praescripserat
1141 1029 1185 1066 et
1217 1024 1335 1067 inter
1355 1025 1467 1068 alias
1499 1040 1555 1068 ne
1578 1026 1670 1070 ulla

206 1098 378 1142 mentio
413 1099 467 1141 de
506 1096 799 1140 innovatione
833 1096 1123 1139 articulorum
1157 1096 1338 1140 foederis
1370 1097 1670 1142 Cameracen-

206 1172 270 1215 sis
290 1171 431 1214 fieret.
458 1170 611 1214 Caesar
643 1170 829 1213 omnino
854 1169 1033 1225 Spiram
1067 1170 1233 1221 veniet;
1267 1170 1395 1225 ajunt
1428 1177 1534 1214 ante
1565 1177 1676 1215 octo

207 1244 303 1288 dies
335 1243 442 1286 hinc
473 1243 792 1293 discessurum,
829 1242 947 1297 quod
979 1255 1062 1297 ego
1098 1256 1240 1297 neque
1271 1249 1375 1286 ante
1413 1243 1669 1299 quindecim

207 1317 433 1360 crederem
467 1315 512 1358 ni
536 1315 708 1370 Regem
746 1315 1008 1358 Romanum
1041 1313 1232 1357 nimium
1265 1329 1423 1371 urgere
1449 1316 1672 1361 viderem.

209 1390 338 1434 Vale.
361 1388 492 1432 Tuus
515 1388 771 1432 Valdesius.

271 1462 490 1506 Bruxellis
512 1462 558 1503 in
571 1461 661 1517 fine
684 1461 798 1518 Sept.
819 1463 953 1504 1531.
1613 1511 1617 1514 ¹

272 1535 352 1591 Cs.
383 1533 579 1590 epistolas
616 1534 796 1577 Caesaris
827 1534 883 1575 ad
913 1533 1239 1576 Ferdinandum
1270 1533 1433 1590 Regem
1458 1535 1515 1580 26
1544 1539 1582 1578 et
1614 1536 1677 1580 28

211 1608 328 1665 Sept.
355 1608 500 1650 datas.
531 1606 900 1660 Correspondenz
923 1605 1000 1647 des
1022 1604 1204 1647 Kaisers
1227 1606 1333 1648 Karl
1357 1606 1417 1658 V,
1439 1606 1559 1665 hrsg.
1583 1622 1674 1652 von

217 1682 363 1732 Lanz,
389 1680 430 1723 Ι.
457 1679 558 1731 Bd.,
579 1683 628 1736 p.
655 1678 744 1735 540
763 1693 829 1735 sg.

270 1825 321 1868 S.
390 1826 523 1868 Dfius
544 1825 789 1867 Granvella
811 1823 1000 1866 libenter
1013 1822 1183 1865 videret
1206 1837 1358 1866 meum
1377 1824 1675 1870 simulacrum

213 1902 279 1947 ut,
306 1897 342 1939 si
365 1897 562 1951 placeret
584 1896 637 1947 ei,
667 1909 745 1951 per
767 1896 958 1938 eundem
993 1894 1208 1950 pictorem
1232 1910 1363 1939 suum
1400 1911 1576 1953 quoque
1597 1899 1676 1941 de-

216 1969 340 2025 pingi
374 1969 554 2021 faceret;
576 1969 613 2011 si
635 1973 834 2011 extrema
863 1981 1026 2010 manus
1057 1967 1268 2023 imposita
1297 1974 1364 2011 est
1387 1969 1455 2012 fac
1488 1969 1678 2014 obsecro

218 2047 270 2085 ut
307 2041 574 2086 habeamus,
613 2041 827 2084 Ceterum
864 2040 1126 2083 historicum
1164 2046 1293 2084 tuum
1329 2042 1672 2098 Sycophantam

213 2115 460 2170 perlectum
494 2114 551 2157 ad
579 2120 624 2157 te
653 2113 802 2157 mitto.
840 2113 912 2156 Tu
941 2113 1139 2156 vicissim
1174 2113 1357 2157 Genesii
1389 2113 1440 2162 (1)
1469 2115 1675 2160 libellum

212 2187 269 2231 ad
293 2201 365 2230 me
389 2187 560 2230 mittito
583 2192 633 2229 ut
656 2200 759 2228 eum
785 2185 944 2228 litteris
968 2186 1079 2228 meis
1102 2186 1158 2229 ad
1180 2187 1427 2230 Erasmum
1459 2187 1676 2245 adjunge-

215 2275 263 2304 re
286 2261 474 2316 possim.
497 2259 627 2303 Vale.
649 2257 781 2301 Tuus
801 2258 1056 2303 Valdesius.

269 2333 482 2389 Sigillum
502 2346 662 2375 cereum
683 2331 876 2375 rubrum.

278 2478 327 2521 S.
393 2478 498 2520 Non
521 2476 728 2532 rescripsi
752 2475 885 2519 hodie
914 2476 1031 2531 quod
1058 2489 1202 2519 essem
1232 2477 1608 2532 occupatissimus
1628 2483 1678 2522 et

275 2679 327 2728 (ι)
378 2679 678 2729 Apographum
698 2678 860 2716 Gniesii.
883 2678 1050 2717 Indicat
1069 2679 1214 2727 opinor
1239 2679 1454 2716 Genesium
1479 2679 1671 2728 Sepulve-

225 2741 324 2776 dam
351 2740 418 2789 qui
435 2741 522 2779 Vll.
541 2740 616 2777 cal.
644 2741 753 2787 Sept.
781 2739 884 2776 dicit
908 2750 951 2776 se
976 2739 1153 2775 libellum
1183 2751 1211 2775 a
1227 2750 1270 2776 se
1290 2739 1487 2788 scriptum
1513 2739 1680 2777 Joanm·

220 2799 419 2837 Valdesio
435 2800 593 2837 dedisse
611 2799 847 2836 mittendum
865 2800 920 2837 ad
930 2800 1119 2849 fratrem
1138 2798 1369 2848 Alsonsum.
1390 2799 1483 2836 Hic
1503 2810 1671 2849 respon-

216 2860 315 2897 dens
339 2859 554 2896 Bruxellis
579 2870 711 2896 mense
729 2859 901 2896 Octobre
925 2861 1022 2896 1531
1036 2859 1335 2897 lucubrationes
1362 2859 1462 2897 illas
1486 2871 1528 2897 se
1552 2871 1676 2898 acce-—

214 2919 331 2968 pisse
347 2919 503 2956 scribit.
524 2920 749 2966 Caballero,
766 2920 1018 2968 Conquenses
1038 2920 1212 2964 ilum-es,
1227 2920 1296 2966 IV,
1311 2931 1362 2970 p.
1384 2931 1469 2970 449,
1487 2921 1572 2968 461.
