1786 3198
0 0 47 31 ff
67 0 131 34 'af-⁷⁷
146 2 162 16 ³

404 224 582 255 ALFONSI
610 226 806 256 VALDESII
834 228 1033 257 Llr‘rERAE
1063 229 1119 257 xt.
1146 227 1339 257 mssm‘rAE·
1462 228 1547 270 40⁵

202 305 254 350 S.
320 305 392 349 En
413 303 496 347 tibi
518 304 650 347 mitto
667 306 905 361 petitiones
927 306 1091 350 Ser.mae
1116 307 1306 362 Reginae
1327 319 1437 362 quas
1458 309 1600 352 Man-

141 382 236 423 tuae
262 377 607 428 decretavimus‚
633 376 767 420 mitto
793 378 986 421 formam
1015 378 1263 422 litterarum
1292 378 1598 434 expedienda-

142 462 263 506 rum,
289 449 423 493 mitto
445 449 618 492 litteras
641 450 876 492 Pontificis
909 449 962 498 (ι)
997 452 1052 494 ad
1084 451 1295 495 dilectum
1322 452 1468 495 filium
1491 451 1598 504 ἀι,

145 521 277 565 mitto
299 521 599 565 Thomasium
631 522 809 577 egregie
840 523 978 578 virgis
1010 537 1192 574 caesum,
1219 525 1347 566 mitto
1374 524 1601 568 rationem

141 606 293 638 rerum
323 594 370 637 in
403 594 488 637 hac
519 594 628 636 urbe
659 600 886 648 gestarum
912 608 1015 636 cum
1041 595 1316 638 Lutheranis
1339 609 1474 650 quam
1497 609 1597 651 pre·

140 679 222 710 cor
242 671 293 709 ut
311 679 404 709 una
423 678 528 708 cum
555 666 615 707 D.
643 664 851 708 Cornelio
874 665 911 707 si
934 665 1125 708 adfuerit
1158 667 1282 721 legas
1314 674 1358 709 et
1388 667 1598 722 quicquid

141 738 383 783 delendum
405 737 740 781 immutandum
763 737 1073 780 addendumve
1092 738 1313 793 judicabis
1334 740 1484 782 deleas
1511 739 1596 782 im-

142 814 292 854 mutes
321 815 367 853 et
397 810 554 854 addas.
588 809 687 852 Scis
720 822 853 863 quam
894 822 1052 863 parum
1087 824 1188 853 meo
1221 818 1264 852 et
1296 825 1431 866 quam
1473 812 1593 854 mul-

140 886 240 926 tum
261 888 340 926 tuo
357 881 528 938 judicio
550 881 745 924 tribuam
767 894 910 936 neque
934 880 1178 928 immerito,
1207 883 1332 927 Vale.
1358 885 1486 928 Tuus

1161 979 1416 1024 Valdesius.

202 1051 410 1108 Augusta
430 1052 566 1093 1530.

202 1243 254 1288 S.
319 1243 454 1299 Sapis
476 1242 513 1285 si
536 1256 641 1286 curn
666 1243 737 1286 his
759 1242 1016 1285 hominibus
1032 1243 1086 1285 de
1108 1245 1248 1298 pretio
1265 1244 1505 1287 convenire
1526 1243 1598 1288 vis

136 1319 384 1372 antequam
406 1329 562 1358 eorum
585 1316 744 1358 domos
764 1315 919 1365 intreS,
946 1328 1052 1356 nam
1070 1315 1186 1369 quod
1203 1315 1301 1370 jure
1315 1315 1380 1357 eis
1401 1315 1591 1358 debetur

140 1400 298 1442 parum
330 1393 414 1438 est,
450 1387 569 1442 quod
592 1394 670 1430 tua
689 1387 798 1442 ipsis
830 1387 1092 1429 liberalitate
1124 1387 1287 1430 donare
1320 1387 1436 1430 soles
1471 1387 1594 1430 mul-

138 1464 258 1526 ων,
281 1473 370 1514 quo
392 1458 443 1502 fit
464 1465 514 1502 ut
546 1460 754 1515 quicquid
777 1460 840 1502 eis
873 1465 1032 1514 praeter
1063 1473 1187 1514 spem
1217 1460 1406 1511 dederis,
1443 1459 1488 1501 id
1510 1473 1597 1514 pu-

137 1531 303 1576 tabunt
323 1546 422 1576 esse
454 1521 582 1586 lucri,
607 1540 653 1577 et
677 1533 878 1576 beneficii
913 1534 1010 1575 loco
1035 1532 1406 1575 adnumerabunt.
1441 1533 1597 1574 Caesar

140 1617 221 1658 per
241 1603 328 1647 hoc
349 1618 528 1648 sacrum
551 1612 733 1661 tempus
754 1606 871 1660 apud
894 1605 1205 1648 Grunendalos
1229 1603 1459 1657 (monachi
1490 1607 1601 1645 sunt

139 1689 278 1731 prope
299 1677 552 1730 Bruxellas)
587 1692 766 1721 manere
790 1679 901 1727 vult,
928 1683 972 1720 et
993 1690 1146 1719 rursus
1170 1682 1346 1731 peracto
1378 1675 1593 1730 paschate

138 1747 229 1791 huc
247 1749 389 1792 redire
410 1747 464 1796 (2)
487 1751 562 1793 ubi
586 1765 669 1794 nos
690 1751 785 1805 ejus
808 1751 1052 1795 adventum
1073 1748 1447 1803 praestolabimur.
1471 1748 1589 1791 Cum

138 1819 352 1876 Scipione
373 1819 424 1868 (3)
442 1822 553 1865 nihil
575 1824 794 1866 hactenus
810 1822 1004 1878 egimus.
1030 1822 1186 1876 Neque
1208 1820 1261 1862 de
1284 1819 1487 1873 Ungaria
1508 1833 1591 1861 ne-

135 1905 227 1947 que
256 1893 310 1936 de
332 1893 494 1937 Turcis
525 1895 630 1938 novi
662 1895 903 1951 quicquam
933 1894 1151 1937 habemus
1183 1893 1300 1947 quod
1330 1891 1471 1934 sciam
1505 1889 1593 1932 nisi

138 1965 258 2020 quod
279 1980 334 2008 ex
357 1967 492 2010 Italia
513 1969 716 2010 scribunt
736 1973 980 2023 apparatus
998 1966 1248 2009 maritimos
1267 1978 1358 2007 non
1379 1968 1475 2006 tam
1497 1962 1593 2005 for-

138 2036 376 2081 midabiles
397 2053 496 2082 esse
518 2040 585 2082 uti
607 2040 731 2095 prius
753 2039 874 2082 fama
891 2039 1151 2094 pertulerat.

201 2111 449 2166 Rescripsit
469 2111 526 2154 ad
550 2126 622 2155 me
644 2113 983 2155 Locumtenens
1004 2108 1262 2154 Summaria
1281 2107 1495 2162 Neapolis
1516 2120 1596 2161 per

134 2181 484 2227 Serenissimam
508 2184 732 2239 Reginam
755 2190 873 2227 stare
894 2183 1136 2238 quominus
1158 2193 1295 2223 causa
1311 2179 1480 2221 Montis
1502 2178 1593 2221 Se-

138 2254 219 2298 rici
240 2256 452 2299 absoluta
474 2257 547 2308 sit,
574 2257 712 2299 veluti
734 2271 789 2299 ex
818 2257 992 2298 incluso
1022 2255 1270 2297 litterarum
1299 2264 1483 2294 suarum
1513 2263 1596 2293 ar-

134 2328 277 2371 ticulo
298 2328 486 2380 videbis;
513 2329 598 2371 hoe
620 2329 768 2384 ipsum
799 2327 976 2383 scripsit
1003 2332 1047 2369 et
1068 2323 1386 2380 Sigismundus
1410 2320 1586 2366 Loffre-

139 2399 225 2442 dus
250 2397 322 2445 (4).
349 2399 563 2443 Vestrum
587 2414 708 2443 nunc
729 2399 813 2443 erit
835 2399 1077 2441 sollicitare
1098 2403 1143 2440 et
1166 2396 1332 2438 instare
1367 2399 1416 2437 ut
1450 2407 1590 2449 expe-

136 2471 306 2516 diatur.
333 2473 465 2518 Vale.

200 2544 408 2588 Gandavi
431 2546 682 2601 penultimo
705 2544 868 2588 Martii.
892 2543 1022 2587 Tuus
1045 2540 1304 2585 ValdesiuS.

186 2738 243 2787 (1)
291 2749 339 2784 27
357 2738 458 2775 Nov.
476 2738 615 2783 datas,
641 2736 750 2785 apud
769 2734 968 2782 Lanzium
988 2733 1014 2769 l.
1035 2744 1089 2776 c.,
1105 2743 1150 2781 p.
1170 2730 1243 2777 406
1260 2739 1319 2777 sq.

184 2797 243 2848 (2)
291 2798 396 2836 MS:
413 2797 592 2835 reddere.

185 2858 241 2907 (3)
292 2859 360 2896 Sc.
380 2859 429 2895 de
447 2859 630 2895 Summa.
652 2856 728 2906 Cs.
746 2856 845 2892 Acta
864 2853 1023 2892 Tomic.

188 2917 243 2967 (4)
295 2919 375 2968 cs.
395 2917 494 2956 ibid.
