1786 3198
246 206 323 257 548
729 214 770 240 E.
803 213 858 238 DE
888 211 1091 247 HINOJOSA

192 300 297 340 300.
335 298 401 339 La
434 292 577 347 mujer
598 293 668 335 del
703 291 914 334 infanzon
947 290 1225 346 participaba
1251 291 1306 335 de
1333 292 1378 335 la
1401 291 1637 336 condicibn

192 370 259 412 del
285 366 469 410 marido:
498 378 577 419 por
601 378 676 406 eso
700 365 740 407 el
762 365 922 407 Poema
945 364 1084 406 llama
1106 337 1339 420 fijaesdalgo
1362 367 1388 410 εἰ
1408 365 1590 425 Jimena
1610 381 1638 422 y

192 443 218 483 ἐι
241 442 305 482 las
326 438 441 493 hijas
463 437 530 479 del
557 437 656 480 Cid.

249 513 318 555 No
341 525 415 553 era
437 510 658 565 privativo
682 510 734 552 de
768 510 834 551 los
857 508 1234 553 Ricos-hombres
1266 516 1392 554 tener
1423 526 1478 555 en
1509 511 1642 556 honor

190 584 344 626 tierras
367 582 419 623 de
442 582 484 623 la
509 582 701 624 Corona:
727 582 949 624 tenianlas
971 581 1171 623 tambien
1190 583 1217 625 ἐ
1239 596 1369 626 veces
1391 583 1459 625 los
1483 582 1638 627 Infan-

187 669 335 699 zoneS.
359 655 413 696 El
441 653 521 697 Cid
546 655 611 696 las
634 654 786 709 perdic‘)
810 656 851 696 al
875 668 945 696 ser
967 654 1223 696 desterrado
1246 669 1326 710 por
1349 656 1389 698 el
1413 656 1527 712 Rey:

236 796 353 835 1934.
481 785 645 822 Echado
665 785 708 822 fu
728 786 774 822 de
792 786 908 823 tierra
928 798 948 823 e
968 785 1104 823 tollida
1124 786 1161 823 la
1181 798 1284 823 onor
1303 824 1311 843 s

244 922 449 975 Algunos
471 922 524 964 de
547 935 625 964 sus
648 928 961 977 compafieros‚
988 924 1358 967 sefialadamente
1380 925 1518 969 Alvar
1541 926 1631 969 Fa-

183 998 281 1046 fiez,
307 994 470 1036 habian
495 994 740 1036 disfrutado
763 994 999 1037 asimismo
1022 996 1086 1058 de·
1099 1000 1196 1038 esta
1220 997 1340 1039 clase
1363 996 1416 1039 de
1443 996 1636 1041 honores.-

182 1162 370 1198 fanzones
377 1188 450 1200 .....
469 1170 507 1198 et
524 1161 554 1197 si
574 1161 760 1198 occiderit
778 1162 1019 1198 caballerum
1040 1162 1088 1199 de
1108 1163 1249 1199 Castro
1277 1171 1408 1210 pectet
1433 1163 1633 1212 perillum

182 1223 213 1258 D
233 1222 418 1259 solidos.»
440 1222 582 1268 (Fuero
602 1222 650 1258 de
669 1222 909 1269 Castrojeriz
929 1234 980 1258 en
1000 1223 1166 1266 Mufioz,
1189 1223 1420 1271 Coleccio'n‚
1444 1225 1531 1273 pzig.
1556 1224 1633 1275 37.)

183 1294 337 1320 —1110:
360 1282 505 1318 «Vobis
510 1309 582 1320 .....
605 1283 715 1319 dono
735 1291 772 1319 et
792 1283 972 1319 concedo
993 1282 1032 1319 in
1052 1283 1243 1320 omnibus
1261 1293 1299 1321 et
1325 1296 1395 1332 per
1417 1286 1554 1322 omnia
1572 1286 1635 1323 fo-

181 1355 267 1379 rum
287 1343 347 1379 vel
369 1342 563 1378 calumnia
585 1343 632 1378 de
651 1342 857 1390 infanzon,
878 1352 922 1379 ut
949 1343 1198 1392 quicumque
1226 1344 1340 1381 vobis
1366 1344 1554 1382 iniuriam
1575 1345 1632 1382 fe-

180 1403 275 1438 cerit
293 1402 331 1438 in
353 1402 457 1439 dicto
476 1402 537 1438 vel
557 1402 596 1438 in
617 1402 723 1439 facto
739 1402 1056 1451 dehonestando,
1076 1403 1334 1452 impellendo,
1356 1405 1631 1452 percutiendo,

159 1445 241 1498 ‘vel
261 1473 318 1498 res
337 1471 494 1507 vestras,
515 1472 584 1498 aut
603 1475 739 1499 eorum
761 1463 830 1511 qui
845 1473 974 1500 vestro
988 1463 1137 1501 fuerint
1154 1464 1362 1511 comitatu,
1383 1465 1634 1512 pignorando
1687 1508 1689 1510 ,

181 1522 239 1558 vel
259 1522 487 1565 auferendo,
503 1523 564 1558 vel
580 1523 619 1558 in
637 1523 729 1559 villa
745 1523 812 1559 ubi
827 1535 897 1560 vos
911 1523 1062 1561 fueritis
1079 1524 1359 1572 pigneraverit,
1376 1525 1479 1562 sicut
1497 1524 1630 1564 forum

153 1609 155 1612 -
178 1591 235 1618 est
253 1582 299 1618 de
319 1582 520 1627 infanzon,
538 1592 666 1630 pectet
679 1584 791 1620 vobis
807 1583 1049 1630 quingentos
1064 1584 1248 1622 solidos.»
1273 1585 1451 1632 (Mufioz‚
1467 1587 1550 1624 Del
1567 1599 1632 1624 es-

181 1644 277 1679 tado
294 1644 343 1680 de
362 1642 426 1679 las
438 1652 652 1692 personas,
674 1645 729 1678 2.⁸
749 1641 826 1685 ed.‚
849 1642 938 1688 pzig.
965 1642 1062 1688 116.)

158 1696 162 1699 ’
230 1703 312 1739 Una
342 1703 562 1750 aplicacion
591 1703 639 1738 de
667 1711 748 1738 este
776 1701 972 1749 principio
997 1713 1036 1738 se
1063 1701 1167 1738 halla
1186 1714 1235 1738 en
1254 1703 1288 1739 el
1313 1703 1559 1742 documento
1577 1705 1631 1742 si-

179 1763 351 1811 guiente:
381 1765 429 1800 A.
467 1774 566 1812 1090:
601 1764 707 1810 «Ego
734 1763 909 1811 denique
941 1763 1043 1798 abba
1074 1763 1268 1799 Martinus
1273 1791 1346 1802 .....
1378 1773 1630 1809 stantem....,

180 1834 269 1858 cum
292 1822 526 1859 infancones
545 1833 848 1866 transmeranOS,
866 1823 903 1858 id
917 1832 975 1859 est
989 1823 1163 1860 Rodrico
1183 1823 1364 1861 Adfonso
1369 1853 1441 1864 .....
1458 1826 1521 1863 vel
1537 1838 1628 1864 curn

180 1882 264 1918 aliis
280 1883 412 1919 multis
417 1910 490 1922 .....
506 1885 615 1920 venit
632 1884 803 1921 Martino
818 1884 920 1921 Citiz
933 1896 1024 1920 cum
1041 1885 1238 1932 superbia,
1256 1895 1293 1922 et
1307 1886 1406 1923 ferio
1422 1899 1443 1923 a
1458 1899 1548 1924 meo
1561 1900 1607 1924 va
1619 1908 1628 1914 -

166 1943 277 1978 'sallo
303 1944 462 1991 Pelagio
486 1945 673 1982 Monnioz
698 1954 790 1981 ante
813 1957 876 1981 rne
900 1945 963 1981 vel
987 1954 1078 1981 ante
1103 1945 1199 1982 istos
1216 1946 1321 1983 viros
1340 1947 1521 1985 idoneos.
1541 1949 1594 1985 Et
1610 1960 1629 1984 a

179 2014 250 2049 pro
268 2003 383 2039 talem
410 2005 771 2043 contumeliam.....
800 2005 951 2042 iudices
957 2034 1029 2044 .....
1057 2006 1107 2041 ad
1133 2018 1272 2043 vocem
1303 2007 1506 2054 petitionis
1529 2021 1631 2050 mee,

180 2062 454 2099 iudicaberunt
473 2073 517 2100 ut
543 2064 784 2111 quingentos
811 2064 959 2100 solidos
985 2065 1174 2110 pariasset
1201 2065 1320 2101 michi
1349 2066 1430 2113 ipse
1459 2067 1632 2104 Martino

180 2121 314 2158 Citiz.»
338 2122 479 2170 (Cart.
499 2123 564 2160 del
581 2124 840 2160 Monasterio
864 2125 912 2160 de
942 2125 1078 2161 Santa
1102 2125 1256 2162 Maria
1281 2125 1347 2162 del
1373 2126 1538 2170 Puerm,
1568 2127 1629 2164 fo-

182 2182 254 2217 lios
277 2194 314 2218 12
334 2183 394 2218 v.⁰
413 2196 435 2230 y
459 2194 499 2228 13
519 2183 586 2231 ΓΡ)
606 2183 669 2221 Cf.
699 2185 829 2220 Fuero
856 2184 974 2231 viejo,
999 2185 1025 2230 Ι,
1053 2195 1084 2231 5,
1113 2186 1155 2223 16
1174 2197 1196 2233 y
1216 2186 1247 2232 1,
1268 2186 1304 2231 6,
1331 2199 1343 2222 1
1375 2197 1425 2222 en
1451 2187 1533 2224 Los
1550 2187 1633 2225 Co'-

180 2242 300 2290 digos
320 2244 559 2292 Espar'mles,
583 2245 689 2290 pag&
711 2246 886 2291 262-263.

230 2303 291 2338 En
309 2303 366 2339 los
384 2304 545 2340 ultimos
562 2304 730 2352 tiempos
745 2305 806 2341 del
824 2306 987 2352 periodo
1002 2306 1223 2354 visigoticm
1245 2319 1306 2343 era
1322 2319 1370 2356 ya
1388 2309 1458 2346 500
1471 2310 1631 2347 sueldos

183 2362 216 2396 la
238 2374 335 2408 pena
357 2364 580 2410 pecuniaria
602 2365 663 2400 del
685 2365 900 2402 homicidio
914 2366 1036 2402 delos
1051 2366 1204 2404 nobles.
1222 2367 1296 2403 Las
1310 2368 1540 2406 variedades
1551 2382 1631 2419 que

183 2423 339 2459 ofrecen
359 2425 416 2460 los
443 2425 707 2461 manuscritos
735 2426 797 2462 del
817 2426 973 2473 Codigo
993 2426 1172 2474 visigodo
1198 2439 1247 2463 en
1275 2437 1355 2464 este
1381 2430 1628 2476 punto‚'han

183 2482 285 2519 dado
311 2496 471 2531 margen
501 2486 521 2521 ai
553 2485 723 2520 diversas
753 2485 980 2533 conjeturas
1008 2487 1121 2523 sobre
1152 2487 1207 2522 las
1238 2488 1496 2525 oscilaciones
1519 2489 1566 2526 de
1594 2490 1627 2526 la

183 2543 465 2588 composicion.
490 2546 645 2582 Maurer
659 2546 679 2591 ί
685 2545 724 2582 U
726 2545 816 2581 eber
828 2546 906 2582 das
926 2546 1072 2583 Wesen
1091 2548 1160 2584 des
1174 2547 1342 2585 c'z'ltesten
1361 2549 1484 2586 Adels
1501 2551 1631 2588 deuts-

183 2602 276 2637 chen
298 2604 489 2650 Stc'imme,
511 2606 618 2652 pssgS.
642 2605 765 2652 59-62)
787 2617 872 2642 eree
893 2618 971 2654 que
988 2606 1022 2643 la
1038 2607 1132 2643 cifra
1150 2607 1344 2654 primitiva
1360 2609 1427 2645 fue'
1446 2611 1513 2646 500
1527 2611 1630 2647 suel-

184 2660 254 2696 dos
273 2673 364 2707 para
384 2664 417 2698 el
438 2664 553 2701 noble
571 2678 595 2713 y
614 2678 680 2713 300
698 2679 789 2713 para
814 2667 848 2703 el
870 2668 1040 2716 plebeyo
1061 2669 1084 2704 ό
1105 2668 1380 2716 simplemente
1401 2671 1510 2708 libre.
1532 2673 1630 2709 Wil-

185 2719 232 2754 da
250 2720 362 2767 (Das
379 2724 613 2772 Serasrecht
632 2727 704 2762 der
723 2728 964 2774 Ger-manen,
985 2729 1092 2776 pfigs.
1110 2730 1288 2777 427—429)
1305 2741 1329 2778 y
1346 2730 1459 2766 Dahn
1473 2731 1630 2778 (West-

184 2780 392 2827 gotlzische
410 2784 587 2830 Studien,
610 2787 697 2832 pz'ng.
725 2788 804 2834 174)
822 2795 952 2834 creet),
974 2800 1050 2824 con
1079 2788 1162 2824 mais
1188 2788 1468 2836 fundamento,
1495 2803 1573 2839 que
1591 2792 1629 2827 al

185 2840 378 2888 principio
397 2842 534 2879 fueron
557 2855 626 2890 300
644 2859 667 2893 y
691 2857 760 2893 150
778 2848 1142 2895 respectivamente,
1162 2861 1188 2897 y
1203 2859 1280 2896 que
1309 2848 1345 2885 el
1369 2858 1562 2887 aumento
1587 2863 1629 2887 es

184 2898 231 2934 de
251 2899 369 2946 e'poca
391 2903 593 2948 posterior.
